<?xml version="1.0" encoding="UTF-8"?>
<!DOCTYPE html PUBLIC "-//W3C//DTD XHTML 1.0 Transitional//EN"
    "http://www.w3.org/TR/xhtml1/DTD/xhtml1-transitional.dtd">
<html xmlns="http://www.w3.org/1999/xhtml" xml:lang="en" lang="en">
 <head>
  <title>
</title>
<meta http-equiv="Content-Type" content="text/html;charset=utf-8" />
  <meta name='ocr-system' content='tesseract 3.04.00' />
  <meta name='ocr-capabilities' content='ocr_page ocr_carea ocr_par ocr_line ocrx_word'/>
</head>
<body>
  <div class='ocr_page' id='page_1' title='image "albertidebezani00holdgoog_0026.png"; bbox 0 0 3232 5028; ppageno 0'>
   <div class='ocr_carea' id='block_1_1' title="bbox 267 469 1137 532">
    <p class='ocr_par' dir='ltr' id='par_1_1' title="bbox 267 469 1137 532">
     <span class='ocr_line' id='line_1_1' title="bbox 267 469 1137 532; baseline 0 -1"><span class='ocrx_word' id='word_1_1' title='bbox 267 477 286 531; x_wconf 79' lang='lat'>4</span> <span class='ocrx_word' id='word_1_2' title='bbox 522 471 690 528; x_wconf 73' lang='lat' dir='ltr'>unomen</span> <span class='ocrx_word' id='word_1_3' title='bbox 707 470 879 528; x_wconf 71' lang='lat' dir='ltr'>ALBER&#39;I&#39;I</span> <span class='ocrx_word' id='word_1_4' title='bbox 896 471 946 526; x_wconf 81' lang='lat' dir='ltr'>DE</span> <span class='ocrx_word' id='word_1_5' title='bbox 964 469 1137 532; x_wconf 69' lang='lat' dir='ltr'>ananum.</span> 
     </span>
    </p>
   </div>
   <div class='ocr_carea' id='block_1_2' title="bbox 215 656 1386 809">
    <p class='ocr_par' dir='ltr' id='par_1_2' title="bbox 215 656 1386 809">
     <span class='ocr_line' id='line_1_2' title="bbox 215 656 1386 740; baseline 0.002 -21"><span class='ocrx_word' id='word_1_6' title='bbox 215 671 452 738; x_wconf 74' lang='lat' dir='ltr'>arescoputu,</span> <span class='ocrx_word' id='word_1_7' title='bbox 477 656 536 740; x_wconf 86' lang='lat' dir='ltr'>qui</span> <span class='ocrx_word' id='word_1_8' title='bbox 565 656 635 720; x_wconf 79' lang='lat' dir='ltr'>fuit</span> <span class='ocrx_word' id='word_1_9' title='bbox 666 656 836 722; x_wconf 80' lang='lat' dir='ltr'>secundus</span> <span class='ocrx_word' id='word_1_10' title='bbox 864 667 1006 738; x_wconf 88' lang='lat' dir='ltr'>episcopus</span> <span class='ocrx_word' id='word_1_11' title='bbox 1028 665 1250 735; x_wconf 62' lang='lat' dir='ltr'>Cremonensisss,</span> <span class='ocrx_word' id='word_1_12' title='bbox 1277 665 1386 736; x_wconf 90' lang='lat' dir='ltr'>inpe-</span> 
     </span>
     <span class='ocr_line' id='line_1_3' title="bbox 268 737 1071 809; baseline 0.004 -17"><span class='ocrx_word' id='word_1_13' title='bbox 268 743 382 794; x_wconf 88' lang='lat' dir='ltr'>rante</span> <span class='ocrx_word' id='word_1_14' title='bbox 404 738 551 795; x_wconf 85' lang='lat' dir='ltr'>Lodovico</span> <span class='ocrx_word' id='word_1_15' title='bbox 577 739 825 809; x_wconf 74' lang='lat' dir='ltr'>inperatore,</span> <span class='ocrx_word' id='word_1_16' title='bbox 848 738 923 792; x_wconf 88' lang='lat' dir='ltr'>fillio</span> <span class='ocrx_word' id='word_1_17' title='bbox 946 737 1071 795; x_wconf 84' lang='lat' dir='ltr'>Karoli¹.</span> 
     </span>
    </p>
   </div>
   <div class='ocr_carea' id='block_1_3' title="bbox 101 897 1433 1537">
    <p class='ocr_par' dir='ltr' id='par_1_3' title="bbox 101 897 1418 1323">
     <span class='ocr_line' id='line_1_4' title="bbox 107 897 1418 1040; baseline -0.002 -15"><span class='ocrx_word' id='word_1_18' title='bbox 107 913 344 1024; x_wconf 53' lang='lat' dir='ltr'>ausu...</span> <span class='ocrx_word' id='word_1_19' title='bbox 362 898 662 1025; x_wconf 63' lang='lat' dir='ltr'>sintina</span> <span class='ocrx_word' id='word_1_20' title='bbox 687 897 1418 1040; x_wconf 55' lang='lat' dir='ltr'>arsasiusnisisstffiabaas.</span> 
     </span>
     <span class='ocr_line' id='line_1_5' title="bbox 101 1021 1386 1107; baseline -0.002 -12"><span class='ocrx_word' id='word_1_21' title='bbox 101 1022 174 1064; x_wconf 55' lang='grc' dir='ltr'>Μ·</span> <span class='ocrx_word' id='word_1_22' title='bbox 186 1021 257 1062; x_wconf 64' lang='lat'><em>⁶⁸⁴⁶·</em></span> <span class='ocrx_word' id='word_1_23' title='bbox 269 1045 361 1095; x_wconf 85' lang='lat' dir='ltr'>autem</span> <span class='ocrx_word' id='word_1_24' title='bbox 385 1041 496 1096; x_wconf 88' lang='lat' dir='ltr'>condita</span> <span class='ocrx_word' id='word_1_25' title='bbox 514 1040 636 1096; x_wconf 87' lang='lat' dir='ltr'>MDLII.</span> <span class='ocrx_word' id='word_1_26' title='bbox 663 1083 802 1099; x_wconf 92' lang='grc'><strong>......</strong></span> <span class='ocrx_word' id='word_1_27' title='bbox 829 1040 893 1095; x_wconf 68' lang='lat' dir='ltr'>oui⁹</span> <span class='ocrx_word' id='word_1_28' title='bbox 918 1041 1066 1094; x_wconf 87' lang='lat' dir='ltr'>successit</span> <span class='ocrx_word' id='word_1_29' title='bbox 1091 1040 1150 1094; x_wconf 84' lang='lat' dir='ltr'>Leo</span> <span class='ocrx_word' id='word_1_30' title='bbox 1172 1039 1386 1107; x_wconf 64' lang='lat' dir='ltr'>Armenusl,</span> 
     </span>
     <span class='ocr_line' id='line_1_6' title="bbox 268 1111 1385 1181; baseline -0.002 -15"><span class='ocrx_word' id='word_1_31' title='bbox 268 1111 351 1166; x_wconf 81' lang='lat' dir='ltr'>fillius</span> <span class='ocrx_word' id='word_1_32' title='bbox 369 1111 455 1166; x_wconf 88' lang='lat' dir='ltr'>Bardi</span> <span class='ocrx_word' id='word_1_33' title='bbox 480 1112 598 1181; x_wconf 83' lang='lat' dir='ltr'>patricii,</span> <span class='ocrx_word' id='word_1_34' title='bbox 625 1113 655 1166; x_wconf 92' lang='lat' dir='ltr'>in</span> <span class='ocrx_word' id='word_1_35' title='bbox 673 1112 782 1178; x_wconf 81' lang='lat' dir='ltr'>Grecis,</span> <span class='ocrx_word' id='word_1_36' title='bbox 807 1129 869 1166; x_wconf 89' lang='lat' dir='ltr'>eum</span> <span class='ocrx_word' id='word_1_37' title='bbox 888 1129 942 1180; x_wconf 89' lang='lat' dir='ltr'>quo</span> <span class='ocrx_word' id='word_1_38' title='bbox 960 1129 1054 1166; x_wconf 87' lang='lat' dir='ltr'>rursus</span> <span class='ocrx_word' id='word_1_39' title='bbox 1071 1111 1192 1166; x_wconf 85' lang='lat' dir='ltr'>Karolus</span> <span class='ocrx_word' id='word_1_40' title='bbox 1209 1128 1307 1180; x_wconf 88' lang='lat' dir='ltr'>pacem</span> <span class='ocrx_word' id='word_1_41' title='bbox 1324 1129 1385 1180; x_wconf 90' lang='lat' dir='ltr'>per-</span> 
     </span>
     <span class='ocr_line' id='line_1_7' title="bbox 269 1182 1385 1254; baseline -0.002 -16"><span class='ocrx_word' id='word_1_42' title='bbox 269 1187 382 1254; x_wconf 87' lang='lat' dir='ltr'>petuam</span> <span class='ocrx_word' id='word_1_43' title='bbox 400 1183 453 1238; x_wconf 90' lang='lat' dir='ltr'>hoc</span> <span class='ocrx_word' id='word_1_44' title='bbox 470 1183 553 1237; x_wconf 87' lang='lat' dir='ltr'>modo</span> <span class='ocrx_word' id='word_1_45' title='bbox 571 1182 699 1253; x_wconf 84' lang='lat' dir='ltr'>firmavit,</span> <span class='ocrx_word' id='word_1_46' title='bbox 718 1187 749 1236; x_wconf 91' lang='lat' dir='ltr'>ut</span> <span class='ocrx_word' id='word_1_47' title='bbox 767 1184 836 1237; x_wconf 87' lang='lat' dir='ltr'>alter</span> <span class='ocrx_word' id='word_1_48' title='bbox 854 1183 966 1237; x_wconf 87' lang='lat' dir='ltr'>alterius</span> <span class='ocrx_word' id='word_1_49' title='bbox 992 1200 1099 1252; x_wconf 82' lang='lat' dir='ltr'><strong>semper</strong></span> <span class='ocrx_word' id='word_1_50' title='bbox 1117 1182 1203 1236; x_wconf 83' lang='lat' dir='ltr'>frater</span> <span class='ocrx_word' id='word_1_51' title='bbox 1220 1182 1385 1249; x_wconf 86' lang='lat' dir='ltr'>nominetur,</span> 
     </span>
     <span class='ocr_line' id='line_1_8' title="bbox 269 1252 1386 1323; baseline -0.002 -15"><span class='ocrx_word' id='word_1_52' title='bbox 269 1258 298 1309; x_wconf 87' lang='lat' dir='ltr'>et</span> <span class='ocrx_word' id='word_1_53' title='bbox 320 1256 391 1309; x_wconf 82' lang='lat' dir='ltr'>alter</span> <span class='ocrx_word' id='word_1_54' title='bbox 416 1254 450 1308; x_wconf 87' lang='lat' dir='ltr'>ab</span> <span class='ocrx_word' id='word_1_55' title='bbox 469 1254 555 1308; x_wconf 76' lang='lat' dir='ltr'>altero</span> <span class='ocrx_word' id='word_1_56' title='bbox 577 1271 684 1323; x_wconf 88' lang='lat' dir='ltr'>semper</span> <span class='ocrx_word' id='word_1_57' title='bbox 701 1255 818 1310; x_wconf 86' lang='lat' dir='ltr'>iuvetur.</span> <span class='ocrx_word' id='word_1_58' title='bbox 855 1254 960 1308; x_wconf 81' lang='lat' dir='ltr'>Grecus</span> <span class='ocrx_word' id='word_1_59' title='bbox 978 1258 1070 1309; x_wconf 85' lang='lat' dir='ltr'>autem</span> <span class='ocrx_word' id='word_1_60' title='bbox 1087 1254 1227 1322; x_wconf 88' lang='lat' dir='ltr'>inperator</span> <span class='ocrx_word' id='word_1_61' title='bbox 1245 1252 1386 1308; x_wconf 89' lang='lat' dir='ltr'>Orientem</span> 
     </span>
    </p>

    <p class='ocr_par' dir='ltr' id='par_1_4' title="bbox 216 1324 1433 1537">
     <span class='ocr_line' id='line_1_9' title="bbox 216 1324 1433 1394; baseline -0.004 -11"><span class='ocrx_word' id='word_1_62' title='bbox 216 1343 258 1383; x_wconf 73' lang='lat' dir='ltr'>sn.</span> <span class='ocrx_word' id='word_1_63' title='bbox 270 1329 298 1380; x_wconf 90' lang='lat' dir='ltr'>et</span> <span class='ocrx_word' id='word_1_64' title='bbox 316 1325 589 1394; x_wconf 76' lang='lat' dir='ltr'>Constantinopolim,</span> <span class='ocrx_word' id='word_1_65' title='bbox 607 1324 727 1379; x_wconf 88' lang='lat' dir='ltr'>Karolus</span> <span class='ocrx_word' id='word_1_66' title='bbox 745 1341 810 1379; x_wconf 87' lang='lat' dir='ltr'>vero</span> <span class='ocrx_word' id='word_1_67' title='bbox 829 1328 857 1378; x_wconf 88' lang='lat' dir='ltr'>et</span> <span class='ocrx_word' id='word_1_68' title='bbox 875 1341 1043 1379; x_wconf 76' lang='lat' dir='ltr'>succemores</span> <span class='ocrx_word' id='word_1_69' title='bbox 1059 1325 1198 1379; x_wconf 76' lang='lat' dir='ltr'>habeant⁰</span> <span class='ocrx_word' id='word_1_70' title='bbox 1221 1324 1341 1378; x_wconf 85' lang='lat' dir='ltr'>Romam</span> <span class='ocrx_word' id='word_1_71' title='bbox 1359 1327 1387 1378; x_wconf 88' lang='lat' dir='ltr'>et</span> <span class='ocrx_word' id='word_1_72' title='bbox 1406 1336 1433 1374; x_wconf 90' lang='lat'>10</span> 
     </span>
     <span class='ocr_line' id='line_1_10' title="bbox 270 1395 1387 1466; baseline -0.002 -15"><span class='ocrx_word' id='word_1_73' title='bbox 270 1395 482 1453; x_wconf 76' lang='lat' dir='ltr'>Occidentem‘l.</span> <span class='ocrx_word' id='word_1_74' title='bbox 524 1396 636 1451; x_wconf 78' lang='lat' dir='ltr'><strong>Abhinc</strong></span> <span class='ocrx_word' id='word_1_75' title='bbox 660 1395 745 1466; x_wconf 82' lang='lat' dir='ltr'>igitur</span> <span class='ocrx_word' id='word_1_76' title='bbox 769 1399 846 1466; x_wconf 85' lang='lat' dir='ltr'>gesta</span> <span class='ocrx_word' id='word_1_77' title='bbox 873 1396 1047 1450; x_wconf 84' lang='lat' dir='ltr'>orientalium</span> <span class='ocrx_word' id='word_1_78' title='bbox 1069 1395 1166 1450; x_wconf 83' lang='lat' dir='ltr'>Grecis</span> <span class='ocrx_word' id='word_1_79' title='bbox 1191 1395 1387 1465; x_wconf 80' lang='lat' dir='ltr'>cronographia</span> 
     </span>
     <span class='ocr_line' id='line_1_11' title="bbox 269 1466 1386 1537; baseline -0.001 -15"><span class='ocrx_word' id='word_1_80' title='bbox 269 1468 467 1536; x_wconf 80' lang='lat' dir='ltr'>relinquentes,</span> <span class='ocrx_word' id='word_1_81' title='bbox 498 1484 552 1536; x_wconf 86' lang='lat' dir='ltr'>que</span> <span class='ocrx_word' id='word_1_82' title='bbox 586 1467 659 1536; x_wconf 82' lang='lat' dir='ltr'>apud</span> <span class='ocrx_word' id='word_1_83' title='bbox 689 1485 739 1520; x_wconf 93' lang='lat' dir='ltr'>nos</span> <span class='ocrx_word' id='word_1_84' title='bbox 769 1471 847 1537; x_wconf 84' lang='lat' dir='ltr'>gesta</span> <span class='ocrx_word' id='word_1_85' title='bbox 879 1471 942 1520; x_wconf 88' lang='lat' dir='ltr'>sunt</span> <span class='ocrx_word' id='word_1_86' title='bbox 972 1466 1153 1522; x_wconf 85' lang='lat' dir='ltr'>occidentalia</span> <span class='ocrx_word' id='word_1_87' title='bbox 1181 1483 1386 1537; x_wconf 75' lang='lat' dir='ltr'>prosequemur.</span> 
     </span>
    </p>
   </div>
   <div class='ocr_carea' id='block_1_4' title="bbox 270 1543 1435 2428">
    <p class='ocr_par' dir='ltr' id='par_1_5' title="bbox 270 1543 1435 2428">
     <span class='ocr_line' id='line_1_12' title="bbox 270 1543 1386 1628; baseline -0.003 -19"><span class='ocrx_word' id='word_1_88' title='bbox 270 1544 408 1609; x_wconf 90' lang='lat' dir='ltr'>Placuit</span> <span class='ocrx_word' id='word_1_89' title='bbox 430 1545 585 1628; x_wconf 87' lang='lat' dir='ltr'>utrisque</span> <span class='ocrx_word' id='word_1_90' title='bbox 608 1544 772 1628; x_wconf 78' lang='lat' dir='ltr'>predictis</span> <span class='ocrx_word' id='word_1_91' title='bbox 795 1543 1058 1628; x_wconf 83' lang='lat' dir='ltr'>inperatoribus,</span> <span class='ocrx_word' id='word_1_92' title='bbox 1083 1548 1124 1608; x_wconf 91' lang='lat' dir='ltr'>ut</span> <span class='ocrx_word' id='word_1_93' title='bbox 1146 1544 1257 1608; x_wconf 90' lang='lat' dir='ltr'>honor</span> <span class='ocrx_word' id='word_1_94' title='bbox 1276 1564 1386 1608; x_wconf 91' lang='lat' dir='ltr'>comu-</span> 
     </span>
     <span class='ocr_line' id='line_1_13' title="bbox 270 1631 1387 1716; baseline -0.002 -20"><span class='ocrx_word' id='word_1_95' title='bbox 270 1633 324 1697; x_wconf 86' lang='lat' dir='ltr'>nis</span> <span class='ocrx_word' id='word_1_96' title='bbox 347 1633 530 1699; x_wconf 73' lang='lat' dir='ltr'>habetur0.</span> <span class='ocrx_word' id='word_1_97' title='bbox 577 1633 659 1698; x_wconf 81' lang='lat' dir='ltr'>Set⁴</span> <span class='ocrx_word' id='word_1_98' title='bbox 685 1633 751 1698; x_wconf 90' lang='lat' dir='ltr'>iste</span> <span class='ocrx_word' id='word_1_99' title='bbox 781 1633 958 1716; x_wconf 82' lang='lat' dir='ltr'>inperator</span> <span class='ocrx_word' id='word_1_100' title='bbox 981 1631 1387 1716; x_wconf 80' lang='lat' dir='ltr'>Constantinopolitanus</span> 
     </span>
     <span class='ocr_line' id='line_1_14' title="bbox 271 1721 1433 1806; baseline -0.002 -21"><span class='ocrx_word' id='word_1_101' title='bbox 271 1743 341 1786; x_wconf 92' lang='lat' dir='ltr'>non</span> <span class='ocrx_word' id='word_1_102' title='bbox 371 1722 411 1786; x_wconf 89' lang='lat' dir='ltr'>fit</span> <span class='ocrx_word' id='word_1_103' title='bbox 441 1743 502 1806; x_wconf 90' lang='lat' dir='ltr'>per</span> <span class='ocrx_word' id='word_1_104' title='bbox 529 1721 743 1798; x_wconf 89' lang='lat' dir='ltr'>electionem,</span> <span class='ocrx_word' id='word_1_105' title='bbox 775 1724 827 1786; x_wconf 90' lang='lat' dir='ltr'>set</span> <span class='ocrx_word' id='word_1_106' title='bbox 850 1742 911 1805; x_wconf 89' lang='lat' dir='ltr'>per</span> <span class='ocrx_word' id='word_1_107' title='bbox 934 1723 1193 1800; x_wconf 84' lang='lat' dir='ltr'>successionem,</span> <span class='ocrx_word' id='word_1_108' title='bbox 1218 1726 1259 1786; x_wconf 90' lang='lat' dir='ltr'>ut</span> <span class='ocrx_word' id='word_1_109' title='bbox 1281 1721 1386 1785; x_wconf 90' lang='lat' dir='ltr'>fillius</span> <span class='ocrx_word' id='word_1_110' title='bbox 1406 1739 1433 1779; x_wconf 76' lang='lat'>1⁶</span> 
     </span>
     <span class='ocr_line' id='line_1_15' title="bbox 272 1811 1386 1896; baseline -0.002 -20"><span class='ocrx_word' id='word_1_111' title='bbox 272 1813 412 1896; x_wconf 90' lang='lat' dir='ltr'>apatre</span> <span class='ocrx_word' id='word_1_112' title='bbox 436 1815 471 1876; x_wconf 90' lang='lat' dir='ltr'>et</span> <span class='ocrx_word' id='word_1_113' title='bbox 494 1812 603 1876; x_wconf 83' lang='lat' dir='ltr'>irater</span> <span class='ocrx_word' id='word_1_114' title='bbox 626 1831 646 1876; x_wconf 90' lang='lat' dir='ltr'>a</span> <span class='ocrx_word' id='word_1_115' title='bbox 668 1811 787 1886; x_wconf 85' lang='lat' dir='ltr'>fratre,</span> <span class='ocrx_word' id='word_1_116' title='bbox 819 1813 854 1876; x_wconf 89' lang='lat' dir='ltr'>et</span> <span class='ocrx_word' id='word_1_117' title='bbox 884 1811 932 1875; x_wconf 91' lang='lat' dir='ltr'>sic</span> <span class='ocrx_word' id='word_1_118' title='bbox 963 1812 1006 1876; x_wconf 86' lang='lat' dir='ltr'>de</span> <span class='ocrx_word' id='word_1_119' title='bbox 1036 1811 1197 1895; x_wconf 87' lang='lat' dir='ltr'>singulis;</span> <span class='ocrx_word' id='word_1_120' title='bbox 1232 1815 1267 1874; x_wconf 88' lang='lat' dir='ltr'>et</span> <span class='ocrx_word' id='word_1_121' title='bbox 1298 1831 1386 1875; x_wconf 90' lang='lat' dir='ltr'>coro·</span> 
     </span>
     <span class='ocr_line' id='line_1_16' title="bbox 270 1898 1387 1984; baseline -0.002 -20"><span class='ocrx_word' id='word_1_122' title='bbox 270 1901 347 1964; x_wconf 87' lang='lat' dir='ltr'>nari</span> <span class='ocrx_word' id='word_1_123' title='bbox 370 1900 474 1966; x_wconf 88' lang='lat' dir='ltr'>debet</span> <span class='ocrx_word' id='word_1_124' title='bbox 498 1921 623 1965; x_wconf 88' lang='lat' dir='ltr'>corona</span> <span class='ocrx_word' id='word_1_125' title='bbox 653 1920 757 1965; x_wconf 88' lang='lat' dir='ltr'>aurea</span> <span class='ocrx_word' id='word_1_126' title='bbox 783 1903 922 1964; x_wconf 87' lang='lat' dir='ltr'>tantum</span> <span class='ocrx_word' id='word_1_127' title='bbox 951 1921 972 1964; x_wconf 97' lang='lat' dir='ltr'>a</span> <span class='ocrx_word' id='word_1_128' title='bbox 1001 1901 1200 1984; x_wconf 87' lang='lat' dir='ltr'>patriarcha</span> <span class='ocrx_word' id='word_1_129' title='bbox 1224 1898 1387 1963; x_wconf 80' lang='lat' dir='ltr'>Constan-</span> 
     </span>
     <span class='ocr_line' id='line_1_17' title="bbox 271 1988 1386 2074; baseline -0.004 -21"><span class='ocrx_word' id='word_1_130' title='bbox 271 1989 503 2074; x_wconf 86' lang='lat' dir='ltr'>tinopolitano</span> <span class='ocrx_word' id='word_1_131' title='bbox 537 1991 574 2054; x_wconf 94' lang='lat' dir='ltr'>in</span> <span class='ocrx_word' id='word_1_132' title='bbox 608 1989 753 2054; x_wconf 87' lang='lat' dir='ltr'>ecclesia</span> <span class='ocrx_word' id='word_1_133' title='bbox 787 1991 906 2054; x_wconf 89' lang='lat' dir='ltr'>sancte</span> <span class='ocrx_word' id='word_1_134' title='bbox 930 1988 1066 2073; x_wconf 81' lang='lat' dir='ltr'>Sophia,</span> <span class='ocrx_word' id='word_1_135' title='bbox 1100 1992 1140 2052; x_wconf 91' lang='lat' dir='ltr'>ut</span> <span class='ocrx_word' id='word_1_136' title='bbox 1175 1988 1249 2052; x_wconf 84' lang='lat' dir='ltr'>allii</span> <span class='ocrx_word' id='word_1_137' title='bbox 1278 2009 1386 2073; x_wconf 83' lang='lat' dir='ltr'>reges.</span> 
     </span>
     <span class='ocr_line' id='line_1_18' title="bbox 271 2077 1387 2162; baseline -0.003 -20"><span class='ocrx_word' id='word_1_138' title='bbox 271 2078 422 2143; x_wconf 87' lang='lat' dir='ltr'>Karolus</span> <span class='ocrx_word' id='word_1_139' title='bbox 439 2099 520 2144; x_wconf 81' lang='lat' dir='ltr'>vero</span> <span class='ocrx_word' id='word_1_140' title='bbox 544 2081 580 2143; x_wconf 88' lang='lat' dir='ltr'>et</span> <span class='ocrx_word' id='word_1_141' title='bbox 603 2098 814 2143; x_wconf 88' lang='lat' dir='ltr'>successores</span> <span class='ocrx_word' id='word_1_142' title='bbox 837 2078 1014 2162; x_wconf 83' lang='lat' dir='ltr'>inperator</span> <span class='ocrx_word' id='word_1_143' title='bbox 1037 2079 1077 2141; x_wconf 91' lang='lat' dir='ltr'>fit</span> <span class='ocrx_word' id='word_1_144' title='bbox 1100 2099 1160 2161; x_wconf 93' lang='lat' dir='ltr'>per</span> <span class='ocrx_word' id='word_1_145' title='bbox 1183 2077 1387 2142; x_wconf 85' lang='lat' dir='ltr'>electionem</span> 
     </span>
     <span class='ocr_line' id='line_1_19' title="bbox 272 2166 1435 2250; baseline -0.006 -20"><span class='ocrx_word' id='word_1_146' title='bbox 272 2187 292 2230; x_wconf 88' lang='lat' dir='ltr'>a</span> <span class='ocrx_word' id='word_1_147' title='bbox 321 2167 434 2231; x_wconf 89' lang='lat' dir='ltr'>tribus</span> <span class='ocrx_word' id='word_1_148' title='bbox 464 2167 740 2250; x_wconf 79' lang='lat' dir='ltr'>archiepiscopis,</span> <span class='ocrx_word' id='word_1_149' title='bbox 771 2166 904 2232; x_wconf 83' lang='lat' dir='ltr'>scilicet</span> <span class='ocrx_word' id='word_1_150' title='bbox 933 2167 1147 2250; x_wconf 82' lang='lat' dir='ltr'>Magantino,</span> <span class='ocrx_word' id='word_1_151' title='bbox 1180 2166 1385 2242; x_wconf 75' lang='lat' dir='ltr'>Coloniensi,</span> <span class='ocrx_word' id='word_1_152' title='bbox 1406 2184 1435 2223; x_wconf 82' lang='lat' dir='ltr'>sc</span> 
     </span>
     <span class='ocr_line' id='line_1_20' title="bbox 272 2247 1386 2338; baseline -0.001 -20"><span class='ocrx_word' id='word_1_153' title='bbox 272 2255 481 2332; x_wconf 83' lang='lat' dir='ltr'>Treverensi,</span> <span class='ocrx_word' id='word_1_154' title='bbox 506 2258 541 2320; x_wconf 91' lang='lat' dir='ltr'>et</span> <span class='ocrx_word' id='word_1_155' title='bbox 564 2258 712 2338; x_wconf 88' lang='lat' dir='ltr'>quatuor</span> <span class='ocrx_word' id='word_1_156' title='bbox 735 2254 852 2338; x_wconf 86' lang='lat' dir='ltr'>laycis,</span> <span class='ocrx_word' id='word_1_157' title='bbox 884 2255 1016 2320; x_wconf 88' lang='lat' dir='ltr'>scilicet</span> <span class='ocrx_word' id='word_1_158' title='bbox 1043 2257 1168 2321; x_wconf 88' lang='lat' dir='ltr'>comite</span> <span class='ocrx_word' id='word_1_159' title='bbox 1191 2247 1386 2332; x_wconf 65' lang='lat' dir='ltr'>armensis,</span> 
     </span>
     <span class='ocr_line' id='line_1_21' title="bbox 273 2342 1388 2428; baseline 0 -20"><span class='ocrx_word' id='word_1_160' title='bbox 273 2344 360 2408; x_wconf 87' lang='lat' dir='ltr'>duce</span> <span class='ocrx_word' id='word_1_161' title='bbox 390 2342 546 2420; x_wconf 80' lang='lat' dir='ltr'>Saxonie,</span> <span class='ocrx_word' id='word_1_162' title='bbox 577 2344 776 2408; x_wconf 87' lang='lat' dir='ltr'>marchione</span> <span class='ocrx_word' id='word_1_163' title='bbox 805 2343 1107 2427; x_wconf 70' lang='lat' dir='ltr'>Bardaburgensig</span> <span class='ocrx_word' id='word_1_164' title='bbox 1133 2347 1168 2410; x_wconf 90' lang='lat' dir='ltr'>et</span> <span class='ocrx_word' id='word_1_165' title='bbox 1197 2363 1278 2428; x_wconf 86' lang='lat' dir='ltr'>rege</span> <span class='ocrx_word' id='word_1_166' title='bbox 1305 2343 1388 2408; x_wconf 89' lang='lat' dir='ltr'>Boe-</span> 
     </span>
    </p>
   </div>
   <div class='ocr_carea' id='block_1_5' title="bbox 130 2432 1434 2878">
    <p class='ocr_par' dir='ltr' id='par_1_6' title="bbox 130 2432 1434 2878">
     <span class='ocr_line' id='line_1_22' title="bbox 130 2432 834 2511; baseline 0.007 -19"><span class='ocrx_word' id='word_1_167' title='bbox 130 2453 197 2493; x_wconf 76' lang='lat' dir='ltr'>nari.</span> <span class='ocrx_word' id='word_1_168' title='bbox 207 2451 261 2502; x_wconf 73' lang='lat' dir='ltr'>opp.</span> <span class='ocrx_word' id='word_1_169' title='bbox 272 2433 349 2511; x_wconf 86' lang='lat' dir='ltr'>mie,</span> <span class='ocrx_word' id='word_1_170' title='bbox 374 2432 456 2497; x_wconf 85' lang='lat' dir='ltr'>olim</span> <span class='ocrx_word' id='word_1_171' title='bbox 481 2433 578 2497; x_wconf 83' lang='lat' dir='ltr'>duce·</span> <span class='ocrx_word' id='word_1_172' title='bbox 625 2443 707 2500; x_wconf 89' lang='lat' dir='ltr'>Unde</span> <span class='ocrx_word' id='word_1_173' title='bbox 725 2461 834 2498; x_wconf 87' lang='lat' dir='ltr'>versus:</span> 
     </span>
     <span class='ocr_line' id='line_1_23' title="bbox 431 2524 1045 2591; baseline 0.003 -15"><span class='ocrx_word' id='word_1_174' title='bbox 431 2524 654 2590; x_wconf 73' lang='lat' dir='ltr'>Maponti‘nensis,</span> <span class='ocrx_word' id='word_1_175' title='bbox 677 2525 854 2591; x_wconf 82' lang='lat' dir='ltr'>Treverenaia,</span> <span class='ocrx_word' id='word_1_176' title='bbox 875 2525 1045 2591; x_wconf 78' lang='lat' dir='ltr'>Colanieisis,</span> 
     </span>
     <span class='ocr_line' id='line_1_24' title="bbox 432 2596 1434 2664; baseline 0.004 -18"><span class='ocrx_word' id='word_1_177' title='bbox 432 2596 546 2660; x_wconf 75' lang='lat' dir='ltr'>Quilibet</span> <span class='ocrx_word' id='word_1_178' title='bbox 562 2597 664 2664; x_wconf 83' lang='lat' dir='ltr'>inperii</span> <span class='ocrx_word' id='word_1_179' title='bbox 680 2596 711 2661; x_wconf 81' lang='lat' dir='ltr'>fit</span> <span class='ocrx_word' id='word_1_180' title='bbox 727 2597 894 2648; x_wconf 62' lang='lat' dir='ltr'>anularius</span> <span class='ocrx_word' id='word_1_181' title='bbox 910 2596 1016 2650; x_wconf 73' lang='lat' dir='ltr'>imum.</span> <span class='ocrx_word' id='word_1_182' title='bbox 1406 2610 1434 2650; x_wconf 77' lang='lat' dir='ltr'>ro</span> 
     </span>
     <span class='ocr_line' id='line_1_25' title="bbox 431 2666 1070 2736; baseline 0.005 -18"><span class='ocrx_word' id='word_1_183' title='bbox 431 2666 470 2718; x_wconf 82' lang='lat' dir='ltr'>Et</span> <span class='ocrx_word' id='word_1_184' title='bbox 482 2667 627 2734; x_wconf 81' lang='lat' dir='ltr'>palatinus</span> <span class='ocrx_word' id='word_1_185' title='bbox 643 2667 762 2736; x_wconf 77' lang='lat' dir='ltr'>dapifer,</span> <span class='ocrx_word' id='word_1_186' title='bbox 780 2669 838 2720; x_wconf 76' lang='lat' dir='ltr'>dna</span> <span class='ocrx_word' id='word_1_187' title='bbox 851 2670 972 2735; x_wconf 81' lang='lat' dir='ltr'>portitor</span> <span class='ocrx_word' id='word_1_188' title='bbox 989 2669 1070 2733; x_wconf 74' lang='lat' dir='ltr'>mais,</span> 
     </span>
     <span class='ocr_line' id='line_1_26' title="bbox 430 2737 1141 2807; baseline 0.003 -17"><span class='ocrx_word' id='word_1_189' title='bbox 430 2737 555 2790; x_wconf 74' lang='lat' dir='ltr'>Maronia</span> <span class='ocrx_word' id='word_1_190' title='bbox 568 2742 721 2805; x_wconf 78' lang='lat' dir='ltr'>prepositus</span> <span class='ocrx_word' id='word_1_191' title='bbox 738 2754 847 2806; x_wconf 70' lang='lat' dir='ltr'>eamne,</span> <span class='ocrx_word' id='word_1_192' title='bbox 861 2741 994 2807; x_wconf 75' lang='lat' dir='ltr'>pincerna</span> <span class='ocrx_word' id='word_1_193' title='bbox 1012 2739 1141 2792; x_wconf 82' lang='lat' dir='ltr'>Boemua:</span> 
     </span>
     <span class='ocr_line' id='line_1_27' title="bbox 431 2807 1237 2878; baseline 0.004 -17"><span class='ocrx_word' id='word_1_194' title='bbox 431 2809 482 2861; x_wconf 89' lang='lat' dir='ltr'>Hii</span> <span class='ocrx_word' id='word_1_195' title='bbox 499 2815 620 2863; x_wconf 81' lang='lat' dir='ltr'>statuunt</span> <span class='ocrx_word' id='word_1_196' title='bbox 637 2807 792 2862; x_wconf 80' lang='lat' dir='ltr'>summumh</span> <span class='ocrx_word' id='word_1_197' title='bbox 808 2813 909 2863; x_wconf 56' lang='lat' dir='ltr'>cunctata</span> <span class='ocrx_word' id='word_1_198' title='bbox 922 2827 975 2878; x_wconf 80' lang='lat' dir='ltr'>per</span> <span class='ocrx_word' id='word_1_199' title='bbox 992 2812 1080 2864; x_wconf 75' lang='lat' dir='ltr'>sunia</span> <span class='ocrx_word' id='word_1_200' title='bbox 1097 2826 1237 2864; x_wconf 74' lang='lat' dir='ltr'>nummum.</span> 
     </span>
    </p>
   </div>
   <div class='ocr_carea' id='block_1_6' title="bbox 272 2902 1435 3070">
    <p class='ocr_par' dir='ltr' id='par_1_7' title="bbox 272 2902 1435 3070">
     <span class='ocr_line' id='line_1_28' title="bbox 272 2902 1387 2986; baseline 0 -20"><span class='ocrx_word' id='word_1_201' title='bbox 272 2902 404 2967; x_wconf 90' lang='lat' dir='ltr'>Dicunt</span> <span class='ocrx_word' id='word_1_202' title='bbox 426 2903 577 2986; x_wconf 86' lang='lat' dir='ltr'>quidam,</span> <span class='ocrx_word' id='word_1_203' title='bbox 601 2904 693 2986; x_wconf 88' lang='lat' dir='ltr'>quod</span> <span class='ocrx_word' id='word_1_204' title='bbox 716 2925 776 2969; x_wconf 87' lang='lat' dir='ltr'>rex</span> <span class='ocrx_word' id='word_1_205' title='bbox 799 2904 939 2970; x_wconf 92' lang='lat' dir='ltr'>Boemie</span> <span class='ocrx_word' id='word_1_206' title='bbox 969 2905 1012 2970; x_wconf 87' lang='lat' dir='ltr'>de</span> <span class='ocrx_word' id='word_1_207' title='bbox 1040 2903 1245 2970; x_wconf 80' lang='lat' dir='ltr'>necessitate</span> <span class='ocrx_word' id='word_1_208' title='bbox 1268 2923 1387 2967; x_wconf 86' lang='lat' dir='ltr'>vocen-</span> 
     </span>
     <span class='ocr_line' id='line_1_29' title="bbox 272 2991 1435 3070; baseline 0.001 -14"><span class='ocrx_word' id='word_1_209' title='bbox 272 2992 336 3056; x_wconf 87' lang='lat' dir='ltr'>dus</span> <span class='ocrx_word' id='word_1_210' title='bbox 358 3013 429 3056; x_wconf 92' lang='lat' dir='ltr'>non</span> <span class='ocrx_word' id='word_1_211' title='bbox 452 2995 513 3069; x_wconf 90' lang='lat' dir='ltr'>est,</span> <span class='ocrx_word' id='word_1_212' title='bbox 538 2993 605 3056; x_wconf 92' lang='lat' dir='ltr'>nisi</span> <span class='ocrx_word' id='word_1_213' title='bbox 628 2995 664 3057; x_wconf 90' lang='lat' dir='ltr'>et</span> <span class='ocrx_word' id='word_1_214' title='bbox 679 2992 754 3055; x_wconf 86' lang='lat' dir='ltr'>allii</span> <span class='ocrx_word' id='word_1_215' title='bbox 770 2993 978 3070; x_wconf 86' lang='lat' dir='ltr'>discordant,</span> <span class='ocrx_word' id='word_1_216' title='bbox 1003 3013 1066 3057; x_wconf 87' lang='lat' dir='ltr'>nec</span> <span class='ocrx_word' id='word_1_217' title='bbox 1082 2993 1177 3057; x_wconf 91' lang='lat' dir='ltr'>istud</span> <span class='ocrx_word' id='word_1_218' title='bbox 1191 2992 1245 3055; x_wconf 89' lang='lat' dir='ltr'>ius</span> <span class='ocrx_word' id='word_1_219' title='bbox 1264 2991 1388 3056; x_wconf 89' lang='lat' dir='ltr'>habuit</span> <span class='ocrx_word' id='word_1_220' title='bbox 1407 3016 1435 3057; x_wconf 84' lang='lat' dir='ltr'>eo</span> 
     </span>
    </p>
   </div>
   <div class='ocr_carea' id='block_1_7' title="bbox 272 3080 1388 3165">
    <p class='ocr_par' dir='ltr' id='par_1_8' title="bbox 272 3080 1388 3165">
     <span class='ocr_line' id='line_1_30' title="bbox 272 3080 1388 3165; baseline 0 -21"><span class='ocrx_word' id='word_1_221' title='bbox 272 3080 315 3144; x_wconf 89' lang='lat' dir='ltr'>ab</span> <span class='ocrx_word' id='word_1_222' title='bbox 335 3081 487 3164; x_wconf 88' lang='lat' dir='ltr'>antiquo,</span> <span class='ocrx_word' id='word_1_223' title='bbox 505 3085 557 3145; x_wconf 88' lang='lat' dir='ltr'>set</span> <span class='ocrx_word' id='word_1_224' title='bbox 573 3081 676 3145; x_wconf 86' lang='lat' dir='ltr'>hodie</span> <span class='ocrx_word' id='word_1_225' title='bbox 693 3082 735 3145; x_wconf 86' lang='lat' dir='ltr'>de</span> <span class='ocrx_word' id='word_1_226' title='bbox 751 3081 846 3145; x_wconf 83' lang='lat' dir='ltr'>facto</span> <span class='ocrx_word' id='word_1_227' title='bbox 862 3084 959 3145; x_wconf 87' lang='lat' dir='ltr'>tenet</span> <span class='ocrx_word' id='word_1_228' title='bbox 969 3080 990 3145; x_wconf 86' lang='lat'>⁵.</span> <span class='ocrx_word' id='word_1_229' title='bbox 1030 3081 1075 3144; x_wconf 83' lang='lat' dir='ltr'>Et</span> <span class='ocrx_word' id='word_1_230' title='bbox 1090 3082 1266 3165; x_wconf 75' lang='lat' dir='ltr'>inperator</span> <span class='ocrx_word' id='word_1_231' title='bbox 1282 3080 1388 3146; x_wconf 87' lang='lat' dir='ltr'>habet</span> 
     </span>
    </p>
   </div>
   <div class='ocr_carea' id='block_1_8' title="bbox 271 3169 1341 3253">
    <p class='ocr_par' dir='ltr' id='par_1_9' title="bbox 271 3169 1341 3253">
     <span class='ocr_line' id='line_1_31' title="bbox 271 3169 1341 3253; baseline 0.001 -20"><span class='ocrx_word' id='word_1_232' title='bbox 271 3173 419 3252; x_wconf 89' lang='lat' dir='ltr'>quatuor</span> <span class='ocrx_word' id='word_1_233' title='bbox 442 3170 539 3234; x_wconf 87' lang='lat' dir='ltr'>sedes</span> <span class='ocrx_word' id='word_1_234' title='bbox 562 3169 778 3253; x_wconf 88' lang='lat' dir='ltr'>principales,</span> <span class='ocrx_word' id='word_1_235' title='bbox 803 3173 907 3253; x_wconf 88' lang='lat' dir='ltr'>prout</span> <span class='ocrx_word' id='word_1_236' title='bbox 926 3172 1062 3234; x_wconf 87' lang='lat' dir='ltr'>constat</span> <span class='ocrx_word' id='word_1_237' title='bbox 1085 3170 1152 3233; x_wconf 90' lang='lat' dir='ltr'>hiis</span> <span class='ocrx_word' id='word_1_238' title='bbox 1172 3169 1341 3234; x_wconf 88' lang='lat' dir='ltr'>versibus:</span> 
     </span>
    </p>
   </div>
   <div class='ocr_carea' id='block_1_9' title="bbox 103 3244 1226 3348">
    <p class='ocr_par' dir='ltr' id='par_1_10' title="bbox 103 3244 1226 3348">
     <span class='ocr_line' id='line_1_32' title="bbox 103 3244 1226 3348; baseline 0.004 -38"><span class='ocrx_word' id='word_1_239' title='bbox 103 3244 259 3348; x_wconf 62' lang='lat' dir='ltr'>„„,‡(,3f,²gj</span> <span class='ocrx_word' id='word_1_240' title='bbox 467 3262 868 3329; x_wconf 57' lang='lat' dir='ltr'>*famulaminum</span> <span class='ocrx_word' id='word_1_241' title='bbox 885 3269 932 3329; x_wconf 68' lang='lat' dir='ltr'>ar,</span> <span class='ocrx_word' id='word_1_242' title='bbox 947 3262 1226 3330; x_wconf 62' lang='lat' dir='ltr'>armaretur,</span> 
     </span>
    </p>
   </div>
   <div class='ocr_carea' id='block_1_10' title="bbox 465 3333 1434 3488">
    <p class='ocr_par' dir='ltr' id='par_1_11' title="bbox 465 3333 1434 3488">
     <span class='ocr_line' id='line_1_33' title="bbox 465 3333 967 3399; baseline 0 -15"><span class='ocrx_word' id='word_1_243' title='bbox 465 3333 531 3384; x_wconf 80' lang='lat' dir='ltr'>Inde</span> <span class='ocrx_word' id='word_1_244' title='bbox 549 3333 677 3386; x_wconf 72' lang='lat' dir='ltr'>Modone</span> <span class='ocrx_word' id='word_1_245' title='bbox 693 3334 783 3399; x_wconf 75' lang='lat' dir='ltr'>repuli</span> <span class='ocrx_word' id='word_1_246' title='bbox 797 3335 857 3385; x_wconf 83' lang='lat' dir='ltr'>aeda</span> <span class='ocrx_word' id='word_1_247' title='bbox 874 3333 967 3399; x_wconf 67' lang='lat' dir='ltr'>kauri,</span> 
     </span>
     <span class='ocr_line' id='line_1_34' title="bbox 518 3404 1434 3488; baseline 0.004 -34"><span class='ocrx_word' id='word_1_248' title='bbox 518 3404 582 3457; x_wconf 82' lang='lat' dir='ltr'>Post</span> <span class='ocrx_word' id='word_1_249' title='bbox 599 3405 664 3456; x_wconf 81' lang='lat' dir='ltr'>scut</span> <span class='ocrx_word' id='word_1_250' title='bbox 686 3404 772 3457; x_wconf 85' lang='lat' dir='ltr'>Ytaiie</span> <span class='ocrx_word' id='word_1_251' title='bbox 790 3420 895 3457; x_wconf 62' lang='lat' dir='ltr'>amma</span> <span class='ocrx_word' id='word_1_252' title='bbox 912 3420 1009 3458; x_wconf 72' lang='lat' dir='ltr'>anona</span> <span class='ocrx_word' id='word_1_253' title='bbox 1027 3406 1099 3460; x_wconf 83' lang='lat' dir='ltr'>dari.</span> <span class='ocrx_word' id='word_1_254' title='bbox 1266 3483 1268 3488; x_wconf 46' lang='lat'>.</span> <span class='ocrx_word' id='word_1_255' title='bbox 1406 3417 1434 3458; x_wconf 75' lang='lat' dir='ltr'>te</span> 
     </span>
    </p>
   </div>
   <div class='ocr_carea' id='block_1_11' title="bbox 377 3547 1387 3695">
    <p class='ocr_par' dir='ltr' id='par_1_12' title="bbox 377 3547 1387 3695">
     <span class='ocr_line' id='line_1_35' title="bbox 377 3547 1387 3626; baseline -0.001 -21"><span class='ocrx_word' id='word_1_256' title='bbox 377 3553 405 3626; x_wconf 87' lang='grc'>*)</span> <span class='ocrx_word' id='word_1_257' title='bbox 427 3553 513 3607; x_wconf 85' lang='lat' dir='ltr'>Manu</span> <span class='ocrx_word' id='word_1_258' title='bbox 537 3555 641 3607; x_wconf 67' lang='lat' dir='ltr'>Altera</span> <span class='ocrx_word' id='word_1_259' title='bbox 664 3571 813 3622; x_wconf 60' lang='lat' dir='ltr'>aspersa:</span> <span class='ocrx_word' id='word_1_260' title='bbox 839 3549 904 3607; x_wconf 89' lang='lat' dir='ltr'>Iste</span> <span class='ocrx_word' id='word_1_261' title='bbox 934 3550 1022 3607; x_wconf 89' lang='lat' dir='ltr'>locus</span> <span class='ocrx_word' id='word_1_262' title='bbox 1052 3549 1145 3606; x_wconf 85' lang='lat' dir='ltr'>hodie</span> <span class='ocrx_word' id='word_1_263' title='bbox 1174 3565 1239 3606; x_wconf 92' lang='lat' dir='ltr'>non</span> <span class='ocrx_word' id='word_1_264' title='bbox 1268 3551 1318 3606; x_wconf 86' lang='lat' dir='ltr'>est</span> <span class='ocrx_word' id='word_1_265' title='bbox 1347 3547 1387 3604; x_wconf 87' lang='lat' dir='ltr'>de</span> 
     </span>
     <span class='ocr_line' id='line_1_36' title="bbox 429 3637 628 3695; baseline 0 0"><span class='ocrx_word' id='word_1_266' title='bbox 429 3637 628 3695; x_wconf 87' lang='lat' dir='ltr'>necessitate.</span> 
     </span>
    </p>
   </div>
   <div class='ocr_carea' id='block_1_12' title="bbox 270 3756 1387 3917">
    <p class='ocr_par' dir='ltr' id='par_1_13' title="bbox 270 3756 1387 3917">
     <span class='ocr_line' id='line_1_37' title="bbox 376 3756 1387 3818; baseline 0.004 -20"><span class='ocrx_word' id='word_1_267' title='bbox 376 3758 399 3809; x_wconf 87' lang='lat' dir='ltr'>e)</span> <span class='ocrx_word' id='word_1_268' title='bbox 412 3757 502 3800; x_wconf 77' lang='lat' dir='ltr'>cremori</span> <span class='ocrx_word' id='word_1_269' title='bbox 518 3770 536 3802; x_wconf 82' lang='lat' dir='ltr'>e.</span> <span class='ocrx_word' id='word_1_270' title='bbox 615 3759 638 3808; x_wconf 90' lang='lat' dir='ltr'>b)</span> <span class='ocrx_word' id='word_1_271' title='bbox 653 3759 747 3808; x_wconf 80' lang='lat' dir='ltr'>spetlum</span> <span class='ocrx_word' id='word_1_272' title='bbox 761 3770 849 3799; x_wconf 66' lang='lat' dir='ltr'>numne</span> <span class='ocrx_word' id='word_1_273' title='bbox 862 3760 974 3800; x_wconf 60' lang='lat' dir='ltr'>ineunda</span> <span class='ocrx_word' id='word_1_274' title='bbox 988 3764 1055 3800; x_wconf 74' lang='lat' dir='ltr'>mat.</span> <span class='ocrx_word' id='word_1_275' title='bbox 1124 3760 1144 3811; x_wconf 90' lang='lat' dir='ltr'>c)</span> <span class='ocrx_word' id='word_1_276' title='bbox 1159 3760 1199 3800; x_wconf 77' lang='lat' dir='ltr'>hit</span> <span class='ocrx_word' id='word_1_277' title='bbox 1212 3771 1230 3800; x_wconf 86' lang='lat' dir='ltr'>e.</span> <span class='ocrx_word' id='word_1_278' title='bbox 1308 3756 1387 3818; x_wconf 62' lang='grc'>(1)]09.</span> 
     </span>
     <span class='ocr_line' id='line_1_38' title="bbox 270 3811 1385 3917; baseline 0.004 -11"><span class='ocrx_word' id='word_1_279' title='bbox 270 3813 471 3916; x_wconf 47' lang='lat' dir='ltr'>ppppsoorpmpupt</span> <span class='ocrx_word' id='word_1_280' title='bbox 481 3813 575 3914; x_wconf 55' lang='lat' dir='ltr'>iiiia</span> <span class='ocrx_word' id='word_1_281' title='bbox 590 3811 678 3916; x_wconf 50' lang='grc' dir='ltr'>1)),θῖ</span> <span class='ocrx_word' id='word_1_282' title='bbox 687 3824 723 3917; x_wconf 73' lang='lat' dir='ltr'>⁶e&#39;;</span> <span class='ocrx_word' id='word_1_283' title='bbox 739 3813 1040 3910; x_wconf 41' lang='lat' dir='ltr'>aossnffmmrissalifnffli&#39;</span> <span class='ocrx_word' id='word_1_284' title='bbox 1094 3815 1118 3864; x_wconf 53' lang='grc' dir='ltr'>ε)</span> <span class='ocrx_word' id='word_1_285' title='bbox 1133 3814 1165 3853; x_wconf 49' lang='lat'>⁸⁶⁶</span> <span class='ocrx_word' id='word_1_286' title='bbox 1179 3812 1352 3864; x_wconf 71' lang='lat' dir='ltr'>nsrcsbmgen)</span> <span class='ocrx_word' id='word_1_287' title='bbox 1367 3823 1385 3852; x_wconf 44' lang='grc' dir='ltr'>θ’</span> 
     </span>
    </p>
   </div>
   <div class='ocr_carea' id='block_1_13' title="bbox 268 3971 1433 4609">
    <p class='ocr_par' dir='ltr' id='par_1_14' title="bbox 268 3971 1433 4609">
     <span class='ocr_line' id='line_1_39' title="bbox 377 3971 1387 4042; baseline -0.002 -16"><span class='ocrx_word' id='word_1_288' title='bbox 377 3971 403 4040; x_wconf 94' lang='grc'>1)</span> <span class='ocrx_word' id='word_1_289' title='bbox 419 3972 452 4027; x_wconf 81' lang='lat' dir='ltr'>F.</span> <span class='ocrx_word' id='word_1_290' title='bbox 467 3973 625 4029; x_wconf 68' lang='lat' dir='ltr'>lla-120.</span> <span class='ocrx_word' id='word_1_291' title='bbox 642 3977 731 4026; x_wconf 64' lang='lat' dir='ltr'>metat</span> <span class='ocrx_word' id='word_1_292' title='bbox 748 3974 886 4040; x_wconf 76' lang='lat' dir='ltr'>cawlapua</span> <span class='ocrx_word' id='word_1_293' title='bbox 903 3975 1097 4042; x_wconf 78' lang='lat' dir='ltr'>imperatorum</span> <span class='ocrx_word' id='word_1_294' title='bbox 1115 3973 1150 4024; x_wconf 80' lang='lat' dir='ltr'>ab</span> <span class='ocrx_word' id='word_1_295' title='bbox 1164 3973 1288 4040; x_wconf 77' lang='lat' dir='ltr'>Aupusto</span> <span class='ocrx_word' id='word_1_296' title='bbox 1305 3987 1387 4040; x_wconf 78' lang='lat' dir='ltr'>usque</span> 
     </span>
     <span class='ocr_line' id='line_1_40' title="bbox 269 4043 1386 4114; baseline 0.003 -18"><span class='ocrx_word' id='word_1_297' title='bbox 269 4043 306 4096; x_wconf 81' lang='lat' dir='ltr'>ad</span> <span class='ocrx_word' id='word_1_298' title='bbox 323 4043 458 4096; x_wconf 85' lang='lat' dir='ltr'>Karalum</span> <span class='ocrx_word' id='word_1_299' title='bbox 475 4045 614 4110; x_wconf 82' lang='lat' dir='ltr'>Mapnum.</span> <span class='ocrx_word' id='word_1_300' title='bbox 675 4045 702 4112; x_wconf 91' lang='grc'>2)</span> <span class='ocrx_word' id='word_1_301' title='bbox 724 4045 852 4097; x_wconf 72' lang='grc' dir='ltr'>ΜίοΙιαεὶί</span> <span class='ocrx_word' id='word_1_302' title='bbox 861 4045 884 4100; x_wconf 91' lang='lat' dir='ltr'>I.</span> <span class='ocrx_word' id='word_1_303' title='bbox 904 4046 1065 4114; x_wconf 72' lang='lat' dir='ltr'>imperatori</span> <span class='ocrx_word' id='word_1_304' title='bbox 1081 4043 1386 4112; x_wconf 61' lang='lat' dir='ltr'>Comaninopolitana</span> 
     </span>
     <span class='ocr_line' id='line_1_41' title="bbox 268 4113 1386 4183; baseline 0.002 -17"><span class='ocrx_word' id='word_1_305' title='bbox 268 4116 297 4183; x_wconf 81' lang='grc'>3)</span> <span class='ocrx_word' id='word_1_306' title='bbox 316 4114 443 4167; x_wconf 75' lang='lat' dir='ltr'>Alterius</span> <span class='ocrx_word' id='word_1_307' title='bbox 454 4113 593 4167; x_wconf 86' lang='lat' dir='ltr'>Armenus</span> <span class='ocrx_word' id='word_1_308' title='bbox 611 4131 644 4168; x_wconf 77' lang='lat' dir='ltr'>ea</span> <span class='ocrx_word' id='word_1_309' title='bbox 657 4116 732 4171; x_wconf 84' lang='lat' dir='ltr'>Ceut.</span> <span class='ocrx_word' id='word_1_310' title='bbox 750 4116 846 4180; x_wconf 79' lang='lat' dir='ltr'>Baiae,</span> <span class='ocrx_word' id='word_1_311' title='bbox 864 4116 942 4171; x_wconf 78' lang='lat' dir='ltr'>Anci.</span> <span class='ocrx_word' id='word_1_312' title='bbox 961 4119 1044 4183; x_wconf 77' lang='lat' dir='ltr'>antiq.</span> <span class='ocrx_word' id='word_1_313' title='bbox 1058 4114 1143 4181; x_wconf 88' lang='lat' dir='ltr'>XIII,</span> <span class='ocrx_word' id='word_1_314' title='bbox 1157 4131 1187 4182; x_wconf 91' lang='lat' dir='ltr'>p.</span> <span class='ocrx_word' id='word_1_315' title='bbox 1201 4117 1254 4171; x_wconf 83' lang='grc'>342</span> <span class='ocrx_word' id='word_1_316' title='bbox 1266 4116 1334 4181; x_wconf 80' lang='lat' dir='ltr'>(eod.</span> <span class='ocrx_word' id='word_1_317' title='bbox 1346 4117 1386 4180; x_wconf 85' lang='lat'>4),</span> 
     </span>
     <span class='ocr_line' id='line_1_42' title="bbox 268 4185 1387 4255; baseline 0 -17"><span class='ocrx_word' id='word_1_318' title='bbox 268 4192 335 4238; x_wconf 85' lang='lat' dir='ltr'>recte</span> <span class='ocrx_word' id='word_1_319' title='bbox 357 4185 492 4238; x_wconf 78' lang='lat' dir='ltr'>addidisse</span> <span class='ocrx_word' id='word_1_320' title='bbox 508 4186 620 4241; x_wconf 63' lang='lat' dir='ltr'>militur.</span> <span class='ocrx_word' id='word_1_321' title='bbox 700 4187 729 4254; x_wconf 86' lang='lat'>4)</span> <span class='ocrx_word' id='word_1_322' title='bbox 746 4186 888 4255; x_wconf 76' lang='lat' dir='ltr'>Sequentia</span> <span class='ocrx_word' id='word_1_323' title='bbox 905 4188 963 4252; x_wconf 77' lang='lat' dir='ltr'>fere</span> <span class='ocrx_word' id='word_1_324' title='bbox 980 4188 1071 4239; x_wconf 79' lang='lat' dir='ltr'>munia</span> <span class='ocrx_word' id='word_1_325' title='bbox 1089 4188 1222 4253; x_wconf 58' lang='grc' dir='ltr'>Μακέων,</span> <span class='ocrx_word' id='word_1_326' title='bbox 1248 4187 1332 4238; x_wconf 78' lang='lat' dir='ltr'>muita</span> <span class='ocrx_word' id='word_1_327' title='bbox 1349 4187 1387 4238; x_wconf 78' lang='lat' dir='ltr'>ad</span> 
     </span>
     <span class='ocr_line' id='line_1_43' title="bbox 268 4257 1433 4324; baseline 0.002 -14"><span class='ocrx_word' id='word_1_328' title='bbox 268 4259 375 4310; x_wconf 73' lang='lat' dir='ltr'>onium</span> <span class='ocrx_word' id='word_1_329' title='bbox 393 4259 579 4321; x_wconf 63' lang='lat' dir='ltr'>mummia,</span> <span class='ocrx_word' id='word_1_330' title='bbox 597 4258 629 4309; x_wconf 89' lang='lat' dir='ltr'>in</span> <span class='ocrx_word' id='word_1_331' title='bbox 646 4262 764 4310; x_wconf 83' lang='lat' dir='ltr'>tractatu</span> <span class='ocrx_word' id='word_1_332' title='bbox 782 4259 851 4310; x_wconf 81' lang='lat' dir='ltr'>edito</span> <span class='ocrx_word' id='word_1_333' title='bbox 869 4258 903 4309; x_wconf 82' lang='lat' dir='ltr'>ab</span> <span class='ocrx_word' id='word_1_334' title='bbox 915 4259 948 4312; x_wconf 78' lang='lat' dir='ltr'>I.</span> <span class='ocrx_word' id='word_1_335' title='bbox 962 4257 1164 4324; x_wconf 75' lang='lat' dir='ltr'>Werminphoff,</span> <span class='ocrx_word' id='word_1_336' title='bbox 1182 4258 1319 4312; x_wconf 60' lang='grc' dir='ltr'>ίΖοιίεσῖιν.</span> <span class='ocrx_word' id='word_1_337' title='bbox 1338 4257 1387 4310; x_wconf 75' lang='lat' dir='ltr'>der</span> <span class='ocrx_word' id='word_1_338' title='bbox 1403 4271 1433 4312; x_wconf 79' lang='lat' dir='ltr'>ss</span> 
     </span>
     <span class='ocr_line' id='line_1_44' title="bbox 269 4327 1387 4398; baseline 0.001 -19"><span class='ocrx_word' id='word_1_339' title='bbox 269 4327 541 4395; x_wconf 73' lang='lat' dir='ltr'>Saeipny·Stiftnnp,</span> <span class='ocrx_word' id='word_1_340' title='bbox 562 4329 652 4381; x_wconf 80' lang='lat' dir='ltr'>Germ.</span> <span class='ocrx_word' id='word_1_341' title='bbox 670 4329 759 4385; x_wconf 68' lang='lat' dir='ltr'>Attal</span> <span class='ocrx_word' id='word_1_342' title='bbox 777 4329 885 4381; x_wconf 89' lang='lat' dir='ltr'>XXIV</span> <span class='ocrx_word' id='word_1_343' title='bbox 900 4328 1001 4398; x_wconf 81' lang='lat'>(1903),</span> <span class='ocrx_word' id='word_1_344' title='bbox 1016 4346 1046 4397; x_wconf 83' lang='lat' dir='ltr'>p.</span> <span class='ocrx_word' id='word_1_345' title='bbox 1060 4330 1112 4385; x_wconf 86' lang='grc'>382</span> <span class='ocrx_word' id='word_1_346' title='bbox 1124 4345 1171 4396; x_wconf 71' lang='lat' dir='ltr'>sp,</span> <span class='ocrx_word' id='word_1_347' title='bbox 1190 4329 1238 4381; x_wconf 83' lang='lat' dir='ltr'>ubi</span> <span class='ocrx_word' id='word_1_348' title='bbox 1255 4335 1278 4381; x_wconf 85' lang='lat' dir='ltr'>et</span> <span class='ocrx_word' id='word_1_349' title='bbox 1295 4343 1387 4381; x_wconf 72' lang='lat' dir='ltr'>aeram</span> 
     </span>
     <span class='ocr_line' id='line_1_45' title="bbox 268 4398 1386 4468; baseline 0 -18"><span class='ocrx_word' id='word_1_350' title='bbox 268 4398 395 4454; x_wconf 71' lang='lat' dir='ltr'>Martini.</span> <span class='ocrx_word' id='word_1_351' title='bbox 466 4399 495 4468; x_wconf 83' lang='grc' dir='ltr'>δ)</span> <span class='ocrx_word' id='word_1_352' title='bbox 517 4399 591 4452; x_wconf 84' lang='lat' dir='ltr'>Haec</span> <span class='ocrx_word' id='word_1_353' title='bbox 610 4402 729 4468; x_wconf 80' lang='lat' dir='ltr'>propius</span> <span class='ocrx_word' id='word_1_354' title='bbox 751 4401 874 4452; x_wconf 71' lang='lat' dir='ltr'>caedunt</span> <span class='ocrx_word' id='word_1_355' title='bbox 897 4402 934 4451; x_wconf 80' lang='lat' dir='ltr'>ad</span> <span class='ocrx_word' id='word_1_356' title='bbox 951 4399 1066 4452; x_wconf 74' lang='lat' dir='ltr'>Henm&#39;ei</span> <span class='ocrx_word' id='word_1_357' title='bbox 1082 4401 1113 4452; x_wconf 79' lang='lat' dir='ltr'>de</span> <span class='ocrx_word' id='word_1_358' title='bbox 1130 4399 1240 4466; x_wconf 77' lang='lat' dir='ltr'>Sepusio</span> <span class='ocrx_word' id='word_1_359' title='bbox 1259 4401 1386 4453; x_wconf 78' lang='lat' dir='ltr'>nuaram</span> 
     </span>
     <span class='ocr_line' id='line_1_46' title="bbox 269 4469 1386 4539; baseline -0.001 -17"><span class='ocrx_word' id='word_1_360' title='bbox 269 4486 350 4538; x_wconf 75' lang='lat' dir='ltr'>asper</span> <span class='ocrx_word' id='word_1_361' title='bbox 367 4469 394 4520; x_wconf 85' lang='lat' dir='ltr'><strong><em>V</em></strong></span> <span class='ocrx_word' id='word_1_362' title='bbox 408 4470 487 4524; x_wconf 82' lang='lat' dir='ltr'>libris</span> <span class='ocrx_word' id='word_1_363' title='bbox 511 4471 603 4525; x_wconf 66' lang='lat' dir='ltr'>deaei</span> <span class='ocrx_word' id='word_1_364' title='bbox 629 4472 666 4523; x_wconf 81' lang='lat' dir='ltr'>ad</span> <span class='ocrx_word' id='word_1_365' title='bbox 685 4472 701 4527; x_wconf 85' lang='lat' dir='ltr'>l.</span> <span class='ocrx_word' id='word_1_366' title='bbox 721 4471 746 4539; x_wconf 92' lang='lat' dir='ltr'>I,</span> <span class='ocrx_word' id='word_1_367' title='bbox 766 4473 805 4526; x_wconf 83' lang='lat' dir='ltr'>tit.</span> <span class='ocrx_word' id='word_1_368' title='bbox 825 4473 851 4536; x_wconf 85' lang='grc'>6,</span> <span class='ocrx_word' id='word_1_369' title='bbox 869 4487 889 4527; x_wconf 83' lang='lat' dir='ltr'>a.</span> <span class='ocrx_word' id='word_1_370' title='bbox 908 4473 951 4527; x_wconf 83' lang='lat'>34.</span> <span class='ocrx_word' id='word_1_371' title='bbox 978 4487 1058 4539; x_wconf 76' lang='lat' dir='ltr'>quam</span> <span class='ocrx_word' id='word_1_372' title='bbox 1077 4471 1114 4522; x_wconf 80' lang='lat' dir='ltr'>ad</span> <span class='ocrx_word' id='word_1_373' title='bbox 1131 4477 1274 4524; x_wconf 78' lang='lat' dir='ltr'>tractatum</span> <span class='ocrx_word' id='word_1_374' title='bbox 1298 4485 1386 4538; x_wconf 71' lang='lat' dir='ltr'>aspra</span> 
     </span>
     <span class='ocr_line' id='line_1_47' title="bbox 269 4541 621 4609; baseline 0.017 -18"><span class='ocrx_word' id='word_1_375' title='bbox 269 4556 296 4594; x_wconf 90' lang='lat' dir='ltr'>n.</span> <span class='ocrx_word' id='word_1_376' title='bbox 312 4543 338 4596; x_wconf 88' lang='lat'>4.</span> <span class='ocrx_word' id='word_1_377' title='bbox 358 4541 498 4595; x_wconf 62' lang='lat' dir='ltr'>aarum</span> <span class='ocrx_word' id='word_1_378' title='bbox 514 4559 544 4609; x_wconf 82' lang='lat' dir='ltr'>p.</span> <span class='ocrx_word' id='word_1_379' title='bbox 561 4544 621 4599; x_wconf 83' lang='grc'><strong>382.</strong></span> 
     </span>
    </p>
   </div>
   <div class='ocr_carea' id='block_1_14' title="bbox 0 0 1627 5028">
    <p class='ocr_par' dir='ltr' id='par_1_15' title="bbox 0 0 1627 5028">
     <span class='ocr_line' id='line_1_48' title="bbox 0 0 1627 5028; baseline 0 0"><span class='ocrx_word' id='word_1_380' title='bbox 0 0 1627 5028; x_wconf 95' lang='lat' dir='ltr'> </span> 
     </span>
    </p>
   </div>
  </div>
 </body>
</html>
