3232 5028
205 501 209 510 ,
305 443 340 496 52
554 434 721 491 ORONIOA
740 433 912 489 ALBERTI
929 433 980 488 Da
999 431 1171 490 BEZANIS.

254 628 295 670 sse.
306 615 418 669 Domini
430 612 589 670 M⁰OOVIL
620 611 779 666 Bonifacius
795 609 917 666 marchio
930 628 993 680 pre
1002 610 1123 664 dictus
1140 611 1274 665 occiditur
1286 611 1315 665 in
1327 615 1424 681 prelio,

307 687 395 740 duos
413 685 494 739 fillios
511 686 675 753 relinquens,
694 683 844 738 scilicet
862 681 1041 736 Gullialmum
1060 681 1088 735 in
1100 682 1194 736 Ytalia
1213 687 1241 736 et
1252 683 1425 738 Demetrium

219 780 297 834 1208.
308 774 381 844 apud
400 773 608 828 Thesalonicam
626 787 801 827 successores.
876 758 1005 823 Eodem
1022 758 1135 823 anno1
1152 757 1419 825 Cremonensem

231 854 473 935 aaaoceperunt
496 849 723 914 Pontevicum
747 849 790 911 de
814 867 929 911 mense
954 847 1073 910 Medii.

146 955 298 1004 Boanum,
413 933 546 987 Eodem
565 947 636 985 anno
655 931 782 984 dominus
794 929 853 984 Ano
866 929 988 983 Estensis
1006 929 1129 984 marchio
1148 930 1237 984 factus
1249 933 1291 984 est
1302 935 1423 999 potestas
1442 943 1457 984 ο

307 1004 477 1058 civitatis
489 1004 615 1070 Verone3
635 1003 669 1054 de
688 1001 764 1054 cuius
782 1001 887 1054 honore
906 1000 1054 1054 condolens
1072 1001 1225 1055 dominus
1243 1001 1370 1056 licelinus
1389 1003 1423 1056 de

305 1075 433 1130 Romano
448 1074 590 1139 secundus,
609 1089 678 1125 non
696 1073 852 1138 inmemor,
872 1071 945 1140 quod
957 1071 1031 1124 idem
1043 1072 1164 1126 marchio
1183 1073 1250 1126 fuit
1268 1073 1340 1126 sibi
1359 1090 1422 1127 con-

306 1148 406 1200 trarius
419 1147 447 1199 in
460 1145 533 1199 facto
547 1143 686 1212 (lampreti
704 1142 938 1211 supradicti²,
958 1143 1132 1212 congregatis
1151 1143 1245 1196 amicis
1258 1143 1292 1197 de
1302 1143 1422 1211 Verona,

306 1217 435 1272 Vicentia
454 1221 482 1269 et
499 1215 690 1283 undecumque
708 1213 799 1282 potuit
815 1213 932 1281 aliunde,
951 1214 979 1266 in
992 1218 1087 1267 castro
1100 1212 1246 1267 Montedib
1264 1215 1423 1268 Vincentini

306 1289 445 1342 districtus
463 1287 515 1340 ibi
533 1285 630 1340 hahuit
648 1302 778 1354 magnum
796 1285 1032 1354 guarnimentum3
1052 1289 1080 1338 et
1098 1286 1137 1338 sic
1155 1285 1243 1338 factus
1256 1289 1296 1339 est
1308 1286 1422 1339 insultus
1442 1298 1468 1336 ιο

307 1377 341 1412 ex
365 1359 502 1428 inproviso
526 1356 660 1410 maximus
679 1356 707 1408 in
720 1355 832 1410 Verona
850 1359 947 1409 contra
964 1355 1153 1409 marchionem
1169 1359 1196 1408 et
1215 1360 1310 1410 contra
1328 1374 1421 1410 omnes

307 1429 429 1482 faventes
449 1429 482 1496 ei,
508 1431 535 1482 et
553 1428 592 1480 ita
611 1427 722 1480 demum
741 1431 782 1480 ast
808 1428 936 1495 expulsus
955 1426 1140 1479 dominuse
1163 1427 1284 1481 marchio
1312 1427 1346 1480 da
1373 1444 1421 1496 po·

306 1499 419 1553 testaris
436 1499 583 1553 Verona.
632 1497 709 1550 Tunc
737 1496 913 1566 Salinguerra
944 1497 978 1551 de
1005 1497 1132 1551 Ferraria
1159 1497 1247 1551 factus
1276 1503 1317 1551 est
1347 1515 1422 1550 cum

308 1571 452 1624 domino
476 1569 595 1622 Ezelino
625 1568 799 1621 manifestus
830 1568 940 1634 amicus,
971 1568 1019 1636 qui
1048 1585 1134 1637 usque
1163 1567 1256 1622 nuuc(l
1277 1567 1422 1622 videbatur

308 1641 390 1694 alicui
408 1640 480 1709 parti
504 1641 604 1696 favere.
647 1638 772 1693 Recessit
801 1655 866 1710 ergo
896 1640 1019 1692 marchio
1050 1639 1085 1693 de
1112 1639 1222 1693 Verona
1252 1644 1279 1692 et
1308 1640 1358 1692 ivit
1388 1640 1422 1692 ad
1442 1651 1468 1690 sc

307 1711 493 1779 abachiame,
521 1714 555 1764 et
582 1710 656 1763 facta
683 1709 735 1762 ibi
762 1727 863 1780 magna
890 1711 1104 1780 congregatione
1132 1710 1165 1763 de
1193 1710 1247 1763 suis
1273 1711 1365 1763 amicis
1388 1710 1422 1763 de

307 1782 474 1850 Loubardia,
492 1780 619 1834 Marchia
638 1784 666 1834 et
683 1780 907 1834 Romandiola
926 1786 954 1835 et
973 1781 1082 1834 aliunde
1101 1783 1246 1850 sapienter,
1265 1783 1357 1835 statim
1382 1798 1422 1835 se-

307 1854 402 1922 quenti
421 1870 500 1922 anno,
524 1853 672 1906 scilicet
690 1852 725 1904 in
743 1851 918 1919 M⁰OOVIII,
936 1856 1048 1922 gentem
1067 1869 1144 1905 suam
1158 1852 1273 1906 Verona
1292 1852 1423 1906 conduxit

307 1925 336 1978 in
365 1924 527 1994 Bragidam,
560 1927 587 1977 et
615 1923 668 1976 ibi
698 1923 838 1976 viriliter
867 1923 970 1976 inimici
1000 1940 1063 1976 cum
1094 1923 1210 1976 inimicis
1241 1927 1421 1979 certaverunt.

306 1995 425 2050 Domum
447 2000 509 2064 post
532 1994 670 2064 sanguinis
693 1993 856 2047 esussionem
879 1993 1017 2062 millitum,
1043 1993 1206 2062 peditum
1232 1999 1259 2048 et
1281 2012 1422 2062 equorum,
1440 2007 1468 2046 ao

306 2071 369 2136 post
387 2065 634 2120 consternationem
652 2065 773 2132 plurium
791 2065 867 2118 stetit
885 2065 1008 2117 marchio
1025 2065 1114 2118 victor
1131 2066 1160 2118 in
1179 2082 1315 2135 campo,
1334 2070 1423 2118 turres

307 2137 403 2190 hahuit
421 2141 449 2190 et
467 2137 563 2190 domos
581 2134 771 2189 bellicossusf
790 2152 840 2204 per
858 2135 1011 2204 civitatem,
1039 2135 1129 2204 ipsum
1154 2152 1262 2204 quoque
1279 2135 1422 2189 Ezelinum

307 2213 373 2260 tunc
390 2207 487 2261 habuit
506 2211 616 2274 captum
636 2210 664 2258 et
682 2205 831 2272 detentum,
855 2223 936 2274 quern
960 2207 1099 2260 curialiter
1117 2211 1145 2260 et
1162 2208 1277 2260 honeste
1295 2207 1423 2260 tractarit

308 2282 342 2332 et
360 2295 423 2331 eum
441 2277 594 2333 honoravit.
624 2275 756 2343 Fecitque
774 2275 835 2330 fieri
852 2277 985 2330 honorem
1003 2277 1044 2329 illi
1061 2294 1111 2346 per
1126 2278 1237 2330 millites
1249 2281 1278 2331 et
1290 2278 1421 2345 dominas,

308 2349 354 2416 qui
372 2349 417 2401 vel
435 2365 488 2416 que
500 2347 611 2401 fuerunt
623 2347 652 2400 in
665 2347 784 2402 Verona.
814 2348 958 2402 Domum
977 2347 1158 2400 dominum
1170 2348 1314 2401 Ezelinum
1332 2349 1421 2418 ipsum
1440 2360 1469 2400 aa

307 2419 430 2472 marchio
449 2418 592 2472 millitibus
610 2416 759 2470 honorifice
778 2419 910 2472 sociatum
929 2418 1059 2472 decenter
1077 2418 1193 2472 conduci
1217 2419 1282 2472 fecit
1299 2419 1420 2486 Baxani,

308 2490 368 2558 qui
385 2490 496 2543 millites
513 2489 665 2542 maximum
688 2489 843 2543 honorem&
863 2489 1041 2544 habuerunt
1067 2507 1082 2542 a
1107 2489 1264 2543 dominis
1290 2495 1317 2544 et
1335 2490 1421 2544 domi-

200 2561 393 2623 sa.1‚1o.nabus
412 2563 440 2614 et
458 2561 600 2613 millitibus
618 2559 744 2628 Baxani3
773 2559 887 2614 reverssi
914 2560 1031 2629 igitur
1058 2561 1169 2614 millites
1196 2561 1361 2614 marchionis
1386 2561 1421 2614 ad

307 2631 405 2700 ipsum,
424 2648 506 2700 quem
523 2631 579 2684 iam
597 2633 656 2683 tota
669 2630 793 2684 Marchia
805 2649 868 2684 cum
884 2648 992 2684 summa
1009 2631 1166 2685 reverencia
1184 2631 1298 2685 laudans
1316 2632 1421 2702 magnis

326 2703 441 2756 reconiis
466 2703 623 2770 excolebat;
651 2706 717 2756 tunc
744 2702 828 2770 ipsius
855 2701 928 2755 fama
955 2702 1071 2756 celebris
1099 2701 1315 2757 excolebath
1337 2719 1421 2770 usque
1439 2717 1467 2756 ao

334 2791 434 2842 ornam,
452 2773 490 2826 ita
509 2773 603 2841 quod
621 2774 680 2843 ipsa
699 2773 775 2827 sedes
788 2777 881 2826 sancta
895 2772 1063 2841 appostolioa
1076 2773 1209 2843 dignitate
1222 2789 1294 2827 nova
1306 2774 1420 2841 ipsum

306 2844 550 2898 marchionem
569 2845 656 2898 voluit
678 2843 846 2912 preditarei
873 2847 901 2896 et
920 2844 944 2896 ei
962 2845 1079 2912 gratiam
1098 2843 1160 2897 estk
1181 2845 1290 2914 largita,
1318 2844 1422 2898 scilicet

306 2920 338 2968 ut
365 2916 422 2984 ipse
450 2933 513 2968 cum
541 2915 666 2969 omnibus
694 2915 749 2967 suis
776 2915 975 2968 successoribus
1003 2915 1038 2967 ab
1066 2915 1118 2968 hoc
1145 2919 1271 2983 tempore
1295 2915 1422 2968 inantea

306 2985 428 3039 Estensis
447 2989 475 3039 et
487 2986 608 3039 Ancona
626 2985 749 3038 marchio
768 2985 922 3053 appelletur
939 2985 967 3036 in
986 2989 1058 3038 statu
1075 2986 1231 3039 delectabili
1249 2989 1278 3039 et
1294 2983 1420 3039 iocunde.

253 3057 390 3108 sannno
408 3056 519 3109 Domini
539 3056 763 3123 supradicto,
783 3055 929 3108 scilicet
942 3055 1116 3112 M⁰OOVIIL
1148 3057 1245 3126 Sopita
1264 3060 1304 3110 est
1322 3055 1421 3109 seditio
1440 3069 1468 3110 ao

200 3139 403 3195 *astinregum
422 3126 456 3179 de
475 3125 622 3179 occidentis
639 3127 745 3194 inperio
765 3127 988 3182 concertantium.
1027 3126 1113 3190 *Nam*
1129 3127 1239 3196 Filippo
1264 3127 1293 3180 in
1318 3127 1421 3179 talarno
1471 3145 1473 3148 ·

164 3191 229 3233 ΜΨ·
241 3191 295 3283 ⁰g1’
307 3197 396 3250 occiso
414 3195 540 3264 nequiter
558 3213 573 3249 a
591 3197 795 3266 falsogravio,
815 3200 843 3249 et
861 3197 899 3250 sic
912 3195 977 3251 Otto
997 3198 1129 3266 optinuit3
1149 3199 1183 3252 de
1202 3215 1256 3266 quo
1272 3197 1421 3266 Filippo

272 3257 418 3335 ¹⁶'quidam
436 3267 592 3336 previderat
609 3267 741 3322 visionem
761 3268 813 3321 sic
831 3267 976 3336 dicentem,
995 3267 1087 3322 futura
1099 3270 1151 3322 hiis
1164 3271 1286 3323 versibus
1303 3269 1421 3338 prophe·

305 3342 424 3394 tantem:

502 3409 597 3475 Sassia
615 3411 651 3462 do
669 3415 746 3465 terre.
766 3427 817 3462 rece
836 3410 901 3465 Otto.
919 3427 970 3463 aar
988 3416 1063 3462 errat
1081 3410 1227 3477 Adoffusl.
1440 3423 1469 3462 ao

572 3481 662 3533 Xoana
674 3482 751 3534 dolor
771 3481 829 3533 Otto
847 3481 902 3536 rats.
921 3483 1023 3548 suspice
1041 3482 1101 3546 ficit
1119 3483 1164 3537 ibi.

162 3562 230 3602 Mart.
240 3562 295 3612 opp.
305 3551 407 3605 Fuerat
426 3550 499 3605 enim
517 3550 700 3604 Inocenciusn
722 3569 802 3620 papa,
828 3551 874 3619 qui
900 3551 998 3604 eodem
1017 3568 1088 3605 anno
1108 3551 1254 3605 (lellestino
1273 3553 1302 3605 in
1320 3554 1422 3622 papatu

305 3626 478 3691 successerat,
506 3621 616 3691 Filippo
644 3621 813 3675 adversarius
840 3625 954 3690 propter
978 3622 1092 3676 fratrem
1112 3641 1191 3676 suum
1210 3623 1363 3676 Henricum
1381 3622 1421 3674 in·

304 3697 468 3761 peratorem,
496 3692 543 3762 qui
570 3697 666 3747 contra
688 3692 871 3746 Christianam
898 3693 1069 3763 relligionem
1093 3694 1122 3747 in
1147 3711 1233 3763 regno
1252 3693 1361 3748 Scicilie
1380 3709 1421 3745 ar·

305 3763 492 3833 chiepiscopos
517 3768 545 3818 et
569 3765 710 3833 episcopos
734 3763 920 3818 trucidaverat
946 3769 973 3818 et
992 3767 1088 3818 contra
1106 3763 1260 3818 Romanam
1279 3763 1423 3818 ecclesiam
1440 3779 1469 3818 4ο

305 3851 412 3902 semper
429 3835 632 3904 tyrampnidem
651 3839 819 3903 exercuerat,
847 3839 961 3904 propter
988 3835 1062 3904 quod
1089 3835 1179 3904 ipsum
1198 3841 1227 3890 et
1245 3837 1309 3890 eius
1328 3851 1422 3889 omnes

411 4012 433 4057 a)
446 4013 536 4051 cremori
551 4025 569 4053 c.
624 4013 647 4064 b)
661 4013 762 4054 Montlcli
778 4014 895 4053 Roranam.
950 4012 971 4064 c)
986 4011 1016 4054 .d.
1033 4025 1051 4053 c.
1107 4011 1131 4060 d)
1144 4015 1220 4062 supple
1233 4025 1285 4056 non.
1325 4014 1346 4062 a)
1362 4012 1422 4052 Aba·

304 4065 375 4103 thiam
389 4065 505 4103 Rolands'n.
574 4065 592 4116 l)
612 4067 656 4114 lege
674 4067 800 4106 bellicosas.
871 4069 892 4114 g)
910 4077 953 4115 seq.
968 4068 1069 4106 lecerunt
1083 4068 1145 4106 delet.
1209 4067 1232 4118 h)
1247 4077 1290 4116 pro
1304 4067 1345 4105 hoa
1358 4066 1422 4104 verto

299 4128 417 4166 perperam
431 4119 518 4166 repetito
533 4119 577 4166 laps
590 4120 702 4168 pervenit.
744 4120 760 4170 i)
774 4117 1022 4168 predotarellolandin.
1065 4119 1088 4170 k)
1102 4121 1302 4169 estbisscrlptum.
1330 4120 1346 4170 l)
1361 4120 1421 4158 sior.

303 4173 333 4215 m)
348 4172 379 4210 slc
392 4181 410 4211 c.
421 4181 465 4218 pro
479 4171 532 4210 Xer.
587 4173 610 4221 n)
625 4171 743 4213 Incencius
757 4184 775 4212 o.
1441 4167 1471 4208 50

411 4333 437 4398 1)
459 4332 539 4382 Anno
553 4333 630 4386 1208.
644 4334 746 4399 potius,
765 4333 801 4384 od
818 4347 894 4399 qaam
911 4348 1014 4384 onnam
1031 4331 1095 4384 laceo
1113 4334 1185 4386 Ana.
1200 4332 1319 4386 Gramen.
1335 4334 1423 4400 p.12.

303 4407 368 4453 recta
386 4401 498 4464 habeam
517 4402 553 4466 of.
572 4402 629 4457 Ich.
650 4403 805 4469 Codopneta·
821 4404 893 4457 Ano.
908 4419 938 4469 p.
952 4406 994 4458 34.
1068 4404 1095 4473 2)
1114 4403 1145 4458 P.
1159 4406 1194 4458 46
1204 4420 1241 4470 sq.
1413 4401 1417 4406 ’
