3202 5030
474 460 642 516 DRONIDA
660 460 831 516 ALBERTI
848 460 899 514 DE
917 459 1090 518 BDZANIS.
1288 465 1340 520 101

219 649 334 712 castro
373 645 493 710 Sancti
528 643 735 710 Columbani
769 645 953 709 diocessisl
981 644 1110 709 Laudis
1148 665 1256 730 usque
1296 648 1339 712 ad
1351 661 1428 716 1339.

220 727 404 800 *mortemb
424 734 575 798 domiui⁰
596 733 756 810 Luchini‚
787 736 824 798 εὴ
846 731 1046 797 run01fuir
1075 734 1149 816 ipsc
1172 734 1340 800 liberatus
1350 755 1381 806 *a
1393 755 1448 800 rar.

220 826 263 889 de
288 823 482 888 carceribus
504 843 566 906 per
589 823 786 886 dominum⁰
808 822 975 886 Iohanem
1000 822 1042 886 de
1059 822 1339 902 Vioacomitibus,

219 913 517 996 archiepiscopum
540 911 732 976 Mediolani
741 912 762 974 2.

180 1027 194 1066 s
328 1003 430 1066 Anno
453 1000 596 1064 Domini
619 998 848 1064 M⁰cco⁰xn
873 1000 989 1064 circha
1012 1001 1165 1064 medium
1187 1022 1340 1067 mensem

219 1091 372 1174 Augusti
416 1090 595 1154 dominus⁰
635 1090 706 1153 Azo
752 1089 795 1154 de
826 1088 1105 1165 Viceoomitibus,
1152 1091 1336 1154 dominus⁰

1351 980 1429 1034 1339.

1350 1050 1406 1098 aa.
1417 1048 1468 1101 (rs).

220 1179 392 1264 generalis
415 1178 615 1256 Mediolani,
645 1178 784 1255 Laudis,
810 1177 987 1255 Cremona,
1014 1177 1137 1256 Brinie,
1162 1179 1340 1245 Placentia

220 1272 257 1333 et
294 1267 507 1350 reliquarum
546 1267 727 1331 civitatum
773 1287 835 1331 suo
882 1266 1034 1332 dominio
1079 1269 1338 1350 perimentium,

220 1357 383 1440 migravit
407 1356 449 1420 de
472 1357 538 1420 hoc
562 1355 688 1433 seculo,
719 1356 816 1420 cuius
847 1356 1037 1420 dominium
1061 1356 1162 1421 valde
1191 1358 1262 1421 fuit
1286 1357 1342 1422 bo·

171 1471 200 1510 10
219 1467 304 1509 uum
321 1449 356 1510 et
372 1465 535 1522 oomuue;
560 1447 596 1510 et
614 1445 802 1509 inmediate
817 1445 905 1508 facti
921 1448 1003 1508 sunt
1019 1446 1150 1509 domini
1166 1447 1341 1528 generales

221 1535 353 1598 domini
382 1534 533 1598 Iohanes
562 1533 840 1617 archiepiscopus
867 1533 1059 1598 Mediolani
1088 1538 1123 1598 et
1153 1534 1340 1614 Luohinus,

221 1623 300 1686 fillii
319 1623 465 1688 condam
485 1623 635 1686 domiui⁰
657 1623 766 1687 Masei
782 1626 818 1686 et
831 1623 958 1687 fratres
978 1624 1020 1687 de
1036 1619 1363 1712 Vicecomitibusl.¹¹
1393 1687 1440 1727 aa

327 1709 464 1775 *nnnoe
485 1711 528 1775 ab
551 1711 790 1776 incarnatione
810 1711 951 1776 nomini
969 1710 1261 1776 u0ooo0xn1n.
1286 1714 1341 1778 aa
1352 1688 1429 1796 1342,

221 1800 310 1866 VII⁰
331 1800 443 1864 Madii
466 1799 625 1865 Clemens
648 1821 739 1884 papa
762 1803 888 1877 sextus,
921 1801 1060 1884 proprio
1083 1802 1222 1866 nomine
1245 1823 1436 1869 voca-naar.

173 1915 201 1954 15
221 1889 325 1954 batur
357 1935 526 1951 .....
534 1883 561 1966 f,
593 1889 733 1954 natione
763 1933 903 1950 .....
910 1894 939 1967 Β,
971 1910 1012 1954 ex
1038 1893 1138 1972 patre
1162 1937 1304 1954 .....
1311 1897 1340 1968 ⁸,

221 1978 351 2042 ordinis
377 2023 488 2040 .....
494 1982 523 2054 ⁸,
553 1978 717 2042 successit
741 1977 931 2056 Benedioto
959 1999 1046 2062 pape
1069 1977 1160 2042 XII⁰
1181 1979 1343 2062 inperiali

221 2069 301 2132 sede
325 2072 471 2132 vacante
481 2067 504 2130 ⁸.
542 2067 612 2131 Hic
634 2066 705 2130 init
728 2066 855 2149 largus,
880 2067 1050 2151 benignus
1074 2071 1110 2132 et
1132 2061 1340 2151 gratiosush.

329 2149 449 2221 Annoi
480 2155 622 2221 Domini
643 2154 926 2220 M⁰OOG⁰XLVL
958 2157 1014 2220 die
1044 2156 1167 2221 ultimo
1191 2157 1341 2241 Augusti
1351 2141 1452 2259 ffi,

221 2246 401 2311 dominus⁰
423 2247 492 2310 don
510 2245 720 2310 Abramiuus
744 2245 787 2308 de
810 2245 963 2321 Beaanis,
988 2246 1094 2309 abbas
1117 2240 1338 2311 monasteriii

173 2360 202 2400 so
221 2336 334 2400 sancti
356 2335 538 2398 Laurentii
562 2327 835 2411 Cremonensis¹‚
867 2335 911 2399 de
938 2335 1004 2398 hoo
1028 2334 1144 2398 seculo
1167 2335 1340 2419 migravit,

222 2425 320 2488 cuius
343 2423 535 2486 dominium
557 2423 658 2486 valde
681 2423 752 2486 fuit
775 2423 903 2486 bonum
935 2427 970 2487 et
999 2423 1085 2488 utile
1109 2418 1339 2489 monasteriok

220 2512 387 2596 predicto.
442 2511 537 2576 Cuim
559 2512 749 2576 inmediate
787 2511 918 2576 electus
955 2512 1026 2574 fuit
1064 2513 1243 2576 dominus⁰
1272 2515 1342 2576 don

221 2601 414 2665 Iohauinus
445 2601 488 2664 de
512 2599 706 2664 (inmitibus
735 2599 773 2662 in
803 2599 966 2664 abbatem
997 2601 1083 2665 dicti
1106 2597 1340 2680 monasteriik,

220 2709 385 2753 monacus
409 2692 445 2754 et
467 2689 561 2772 prior
578 2689 752 2772 prioratus
770 2689 882 2753 sancti
897 2688 1048 2752 Victoris
1067 2685 1340 2768 Cremonensis1,

174 2801 203 2840 aa
221 2779 282 2862 qui
305 2777 423 2842 subest
446 2777 540 2841 dioto
556 2771 830 2854 monasterio&
858 2777 918 2861 qni
934 2777 1002 2842 don
1019 2778 1211 2842 Iohauinus
1226 2781 1341 2843 factus

222 2867 330 2932 abbas
365 2866 528 2930 annoni
563 2867 619 2931 are
657 2865 710 2929 110
743 2866 867 2930 Maron
905 2869 941 2930 ea
978 2868 1096 2931 eonem
1132 2867 1338 2934 millesimoss
1351 2851 1443 2960 {1⁹:2⁷3

221 2957 330 3020 vitam
365 2955 488 3019 finivit.
546 2954 681 3020 Deinde
720 2956 884 3020 successit
921 2955 1062 3037 quidam
1096 2957 1237 3022 nomine
1272 2957 1342 3022 don
1413 2948 1450 2963 ''

222 3045 357 3122 Petrus,
380 3065 544 3108 monacus
567 3045 769 3108 monasterii
792 3045 904 3109 sancti
920 3045 1058 3110 Andrec
1073 3045 1337 3111 Avinionensis⁰

223 3132 399 3211 diocesis⁵,
436 3133 478 3197 de
508 3133 628 3197 Lucho
659 3133 764 3198 castri
794 3133 962 3198 Aramoni
989 3134 1134 3199 diocesis
1162 3181 1304 3200 .....
1311 3141 1341 3214 ⁸,

177 3223 283 3306 coqui
315 3223 488 3306 separavit
513 3222 619 3286 vitam
653 3243 875 3288 monacorum
910 3242 1050 3286 suorum
1080 3244 1101 3287 a
1131 3244 1250 3289 mensa
1281 3246 1343 3290 sua

223 3313 345 3376 contra
360 3311 474 3376 Deum
492 3315 528 3374 et
545 3311 719 3376 iusticiam
737 3314 773 3376 et
791 3310 968 3394 regulaml’
987 3332 1051 3376 nec
1070 3333 1140 3377 non
1160 3315 1342 3380 canonicas

222 3400 475 3465 semerionesa

329 3490 431 3552 Anno
450 3487 593 3552 Domini
610 3487 913 3553 M⁰COO⁰XLVIL
934 3510 975 3554 ex
992 3493 1074 3554 voto
1097 3491 1192 3555 facto
1216 3491 1342 3556 ficticia
1351 3473 1440 3590 ἓξὲξ)

220 3597 283 3660 per
310 3578 505 3641 dominam⁰
528 3577 738 3656 Ysabellam,
770 3598 911 3642 uxorem
935 3579 1086 3643 domini⁰
1120 3579 1270 3642 Luchini
1300 3581 1342 3644 de

175 3758 203 3799 35
329 3749 351 3800 a)
371 3748 465 3789 dicenda
478 3761 496 3790 c.
565 3751 588 3799 b)
608 3760 651 3800 seq.
666 3748 697 3790 da
709 3751 771 3793 dolat.
839 3749 860 3801 o)
882 3749 925 3792 .d.
942 3762 960 3794 c.
989 3767 992 3772 ·
1027 3748 1051 3801 d)
1071 3751 1155 3802 reliqua
1169 3761 1227 3800 para
1244 3753 1343 3790 maxima

216 3803 316 3852 popinae
328 3803 376 3846 lae.
390 3813 465 3842 verace
483 3806 552 3844 raom.
614 3803 635 3851 a)
653 3804 727 3842 littora
740 3805 834 3844 initialia
847 3805 868 3843 Δ
881 3805 948 3843 minio
957 3803 1071 3852 ploranda
1084 3805 1148 3844 coeat.
1213 3803 1231 3856 s)
1248 3806 1343 3855 spatium

220 3857 305 3895 nomint
317 3857 430 3895 {memo
443 3859 520 3903 ruem,-
544 3865 586 3906 και.
607 3857 679 3896 littera
697 3869 707 3896 s
725 3858 804 3898 demo.
885 3857 907 3908 g)
927 3857 1023 3905 wallum
1040 3857 1123 3896 nomini
1141 3859 1254 3898 immo
1273 3864 1341 3900 vocat

220 3909 245 3962 h)
266 3910 360 3958 spatium
374 3911 466 3960 quinqua
479 3910 511 3948 vol
524 3920 563 3948 aar
576 3920 676 3949 vacuum
689 3915 760 3950 vacat.
842 3910 858 3958 i)
878 3911 902 3948 {a
915 3920 997 3958 mara:
1015 3911 1050 3950 De
1068 3911 1188 3952 abbatibus
1205 3912 1258 3952 mon
1271 3919 1343 3958 sancti

220 3963 282 4002 Laui
295 3962 412 4004 Cremona.
475 3963 499 4014 k)
518 3963 571 4002 mori
586 3975 604 4004 o.
660 3963 676 4014 l)
695 3967 787 4003 cremon
800 3975 819 4005 o.
871 3965 902 4012 m)
919 3964 951 4002 alc
965 3974 984 4002 c.
1045 3963 1069 4014 n)
1087 3963 1120 4003 ΜΟ
1135 3977 1153 4007 o.
1209 3966 1231 4018 o)
1250 3966 1342 4006 auinion

174 4017 202 4056 lo
220 4013 303 4056 dicaris
319 4028 336 4056 c.
392 4017 416 4068 p)
435 4026 478 4066 cm.
495 4020 506 4056 τ
521 4017 559 4066 (et)
574 4017 636 4056 dolat.
696 4018 718 4066 q)
738 4017 768 4056 olo
781 4027 798 4060 ο.
812 4019 836 4054 ut
849 4027 918 4066 supra
927 4017 999 4066 μθῡ,
1014 4017 1028 4058 l.
1040 4017 1074 4058 22.

329 4156 356 4228 1)
382 4159 416 4212 Α.
437 4159 519 4222 1349;
545 4159 580 4223 of.
598 4157 672 4214 Hr'at.
692 4157 797 4214 Cornua
816 4159 834 4212 l.
854 4159 871 4213 l.
890 4159 938 4210 ool.
952 4160 1013 4218 929.
1106 4159 1135 4229 2)
1163 4160 1215 4224 aas
1237 4161 1342 4212 domum

157 4253 163 4262 ·
219 4245 246 4284 a.
267 4231 345 4284 1342.
373 4229 588 4298 orchiapiaocpua
612 4230 820 4282 Mediolanencis
845 4235 950 4282 aenan
976 4235 1028 4296 cat,
1055 4247 1082 4285 a.
1102 4233 1180 4286 1339.
1206 4232 1342 4296 ephrom

218 4300 398 4354 Numana
415 4307 482 4357 crat.
545 4302 573 4369 3)
589 4301 716 4354 auarus
732 4301 876 4354 mcdidicaa
892 4303 997 4354 ardeus·
1014 4301 1186 4353 Ludowicum
1204 4306 1267 4352 tuno
1284 4303 1343 4352 iam

219 4373 452 4436 montemvillam
469 4373 505 4436 cf.
519 4374 828 4441 supraplllmAEDll·
881 4373 910 4440 4)
932 4371 974 4438 Of.
993 4387 1079 4440 aspra
1092 4387 1123 4438 p.
1145 4375 1186 4427 10.
1258 4369 1343 4440 dila

173 4459 201 4501 aa
219 4451 306 4498 monta
323 4443 501 4496 Androm
512 4459 599 4512 propa
616 4444 782 4500 Andriam.
