3232 5028
280 448 314 501 10
527 441 695 497 unomen
714 441 883 498 snnnsri
900 441 950 497 DE
967 441 1141 499 BEZANIS.

279 627 325 691 Et
360 627 561 712 inperator⁸
597 626 773 690 Romanus
807 626 911 691 debet
946 625 1117 690 dominari
1150 625 1309 690 omnibus
1345 645 1395 690 re

279 717 439 800 gionibus
472 716 581 780 totius
617 716 734 780 mondi
765 715 807 780 de
839 716 928 790 iure,
960 715 1050 779 siout
1080 715 1208 779 dicitur
1239 715 1276 778 in
1306 715 1395 798 prin·

279 805 370 890 cipio
387 803 560 870 codicis1:
590 803 788 886 Omniaque
810 801 950 868 edemus
973 809 1083 868 nostru
1101 809 1176 871 suot
1193 807 1229 868 et
1245 806 1310 868 cet.
1349 802 1395 866 Et

280 895 384 960 debet
407 894 563 958 coronari
585 893 697 957 tribus
721 893 870 958 coronis:
895 893 1012 956 Prima
1030 913 1156 958 corona
1174 893 1286 956 ferrea
1305 913 1396 958 coro·

279 987 384 1047 natur
406 983 616 1066 Aquisgrani
640 980 854 1046 Coloniensis
878 982 1032 1046 diocesis.
1080 981 1239 1046 Secunda
1269 1001 1396 1047 corona
1415 1007 1428 1046 a

280 1075 444 1156 argentea
460 1074 644 1137 coronatur
659 1071 697 1134 in
716 1071 861 1136 ecclesia
876 1063 1126 1136 nodoetiensib
1147 1091 1207 1155 per
1231 1072 1396 1155 archiepi-

280 1182 421 1246 scopum
444 1159 643 1225 Mediolani.
690 1160 743 1224 De
773 1161 882 1226 tercia
904 1181 984 1225 vero
1014 1163 1199 1225 coronatur
1227 1181 1331 1225 aurea
1359 1161 1396 1224 in

281 1250 373 1315 Urbe
396 1250 433 1312 in
457 1249 619 1313 bascilica
642 1250 752 1313 sancti
772 1249 867 1314 Petri
890 1270 950 1332 per
969 1269 1138 1313 summum
1164 1249 1363 1332 pontificem
1373 1249 1394 1327 ²,

280 1342 316 1403 et
339 1343 423 1403 tuno
440 1341 518 1421 post
534 1338 789 1402 coronationem
806 1338 923 1400 statim
940 1338 1095 1402 asendit⁰
1116 1359 1224 1401 unum
1244 1342 1396 1402 montem

280 1447 387 1512 prope
422 1427 566 1490 Romam
604 1447 666 1510 per
703 1427 771 1490 duo
806 1426 983 1501 milliaria,
1019 1428 1078 1510 qui
1116 1431 1259 1491 vocatur
1299 1448 1442 1492 mons1o

280 1517 411 1592 Murro,
443 1516 503 1598 qui
526 1519 578 1580 est
602 1515 706 1580 altior
728 1515 887 1579 omnibus
911 1515 1001 1578 alliis
1025 1516 1200 1580 montibus
1224 1517 1396 1600 contiguis

282 1605 374 1670 dicte
396 1599 527 1680 urbis‘1,
552 1626 630 1668 cum
654 1625 759 1667 manu
788 1625 850 1668 sua
872 1607 994 1670 tenens
1019 1625 1144 1682 ensem,
1168 1605 1337 1671 volvendo
1361 1627 1396 1670 se

282 1694 367 1758 dicit
390 1697 426 1758 et
449 1694 614 1778 precipit:
641 1692 776 1758 ‘Omnia
794 1713 859 1776 que
878 1693 1033 1758 videmus
1053 1697 1171 1758 nostra
1189 1698 1270 1758 sunt
1294 1695 1396 1780 etad

281 1783 445 1847 mandata
475 1787 594 1848 nostra
616 1783 761 1848 veniunt
791 1802 852 1866 per
874 1783 1073 1847 universum
1096 1783 1297 1848 mondum’ss.
1337 1783 1397 1848 Set

282 1872 385 1936 hodie
409 1872 555 1954 quedam
579 1873 736 1956 regiones
758 1875 915 1955 exempte
939 1875 1020 1936 sunt
1044 1875 1080 1935 et
1104 1893 1172 1936 non
1196 1873 1343 1937 subsunt
1365 1872 1397 1936 ei
1416 1895 1443 1934 a

280 1961 318 2024 in
341 1961 466 2044 aliquo.

140 2122 272 2223 „anjtffg
387 2143 501 2202 Ann0⁰
525 2146 565 2202 au
594 2145 810 2202 incarnatione
841 2145 967 2201 oomni
989 2138 1123 2203 M⁰xxu
1164 2150 1283 2206 nunes
1307 2167 1398 2220 papa

281 2221 378 2289 XXufl,
396 2222 508 2276 natione
520 2221 669 2289 Romanus,
688 2239 723 2275 ex
740 2225 819 2289 patre
835 2221 980 2291 Gregorio,
999 2223 1180 2277 suecessit
1194 2222 1397 2277 Benedicto

282 2296 413 2346 octavo
441 2294 475 2346 in
504 2293 587 2346 sede
614 2293 809 2361 inperante
836 2292 998 2346 Henrioo
1026 2295 1240 2362 inperatore
1266 2295 1397 2364 primo,
1416 2313 1444 2352 ao

281 2379 367 2446 ”⁸⁰
397 2363 1049 2504 iuiiiui⁰nii³viffiottff⁰mnid-in⁶
1075 2367 1399 2506 'iitittifftpgttff

282 2541 341 2577 ram
366 2523 462 2577 babuit
487 2541 550 2578 cum
574 2523 715 2581 Romanis.
804 2513 906 2576 Anno
931 2512 1072 2576 Domini
1095 2513 1137 2577 ab
1161 2513 1399 2582 incarnatione

196 2600 435 2663 1021·M⁰XXI.
464 2600 691 2684 Landnlphus
727 2602 906 2686 episcopus
938 2595 1197 2667 Cremonensish
1223 2602 1399 2686 predictus

155 2673 219 2720 ‘m‘
229 2673 272 2721 ²²²·
282 2690 441 2774 penitens
465 2692 507 2754 de
530 2691 827 2775 persecutionibus
850 2691 988 2768 iniuste,
1019 2691 1155 2755 iniuriis
1183 2694 1218 2756 et
1241 2691 1399 2776 dampnis
1417 2710 1445 2750 ro

281 2777 390 2842 illatis
418 2772 643 2844 monasterio¹
674 2780 785 2844 sancti
808 2774 1009 2845 Laurentiik
1036 2781 1128 2844 dicte
1159 2780 1319 2858 civitatis,
1350 2781 1399 2844 in·

283 2873 426 2952 perante
457 2869 612 2953 predicto
643 2869 839 2953 inperatore
870 2869 1037 2945 Henrioo‚
1073 2869 1252 2934 ecclesiam
1288 2871 1399 2934 saneti

286 2957 433 3022 Victoris
464 2958 615 3021 martiris
640 2956 806 3022 Cremone
837 2978 915 3021 cum
945 2959 1039 3020 omni
1070 2958 1221 3022 edifficio
1254 2958 1320 3022 sibi
1343 2959 1399 3022 ad·

283 3047 426 3111 herente
449 3047 639 3129 prioratum
663 3047 818 3110 instituit
842 3050 878 3110 et
893 3039 1119 3110 monasterio¹
1143 3047 1299 3130 predicto
1323 3068 1403 3132 sup·-

282 3136 399 3218 posuit
437 3138 473 3198 et
510 3138 677 3219 perpetuo
717 3135 869 3199 donavit.
931 3135 1110 3200 Existente
1149 3136 1274 3201 abbate
1313 3137 1445 3202 diction

283 3217 498 3287 monasterii¹
524 3223 698 3306 Lanperto
722 3217 879 3307 quidaml
904 3225 1043 3289 nomine
1067 3225 1217 3290 secundo
1227 3231 1259 3261 ¹¹¹·
1269 3224 1290 3288 ⁵.

265 3365 270 3378 .
389 3322 1399 3408 AnnonDominiM⁰XXV12regnanteConradoinperatore

282 3394 451 3462 secundo,
469 3394 594 3450 Ubaldus
607 3393 970 3466 Oremonefulteprseopus,
988 3414 1173 3451 successor
1190 3397 1398 3468 Landulphi

389 3555 410 3606 n)
428 3565 471 3604 seq.
487 3552 555 3595 debet
568 3556 629 3598 delet,
689 3556 712 3608 b)
731 3557 858 3596 modoetien
871 3569 890 3598 c.
952 3558 972 3609 c)
991 3560 1024 3598 oie
1037 3570 1055 3598 e.
1066 3570 1110 3607 pro
1124 3557 1234 3599 ascendit.
1294 3557 1317 3609 d)
1335 3559 1366 3599 eie
1379 3571 1397 3599 e.

282 3609 303 3662 e)
324 3610 396 3647 littera
416 3609 509 3647 initialis
523 3609 543 3648 A
556 3610 623 3647 minio
640 3610 751 3658 pinomda
769 3611 825 3650 dact
840 3622 858 3650 c.
940 3612 956 3660 1)
978 3613 1073 3660 epatium
1093 3612 1176 3651 nomint
1196 3613 1307 3652 inserendo
1328 3616 1397 3652 vacat
1417 3621 1443 3662 ³5

282 3663 303 3713 g)
317 3663 348 3701 sie
357 3673 462 3711 persaepe
476 3663 540 3701 ettam
553 3663 658 3710 emptum
672 3667 702 3702 eut
716 3665 745 3701 acl
760 3675 872 3703 nunurum
881 3664 948 3703 VIIII
961 3665 985 3702 ἐκ
998 3677 1015 3706 c.
1063 3667 1085 3714 b)
1101 3671 1191 3706 cremon
1204 3677 1222 3705 c.
1277 3666 1294 3718 1)
1312 3671 1364 3706 mon
1379 3678 1397 3706 c.

282 3717 306 3767 k)
327 3715 376 3756 lani·
391 3727 409 3756 c.
473 3716 489 3768 l)
511 3717 541 3755 etc
554 3727 571 3757 o,
636 3716 667 3767 m)
684 3714 739 3757 {deo
755 3721 804 3766 (pro
819 3716 881 3766 sodo)
896 3718 1033 3758 alto-otram.
1045 3724 1096 3766 post
1110 3719 1160 3762 aad.
1174 3731 1191 3759 e.
1247 3720 1270 3770 n)
1291 3720 1399 3770 sequentia

281 3770 366 3808 Altera
379 3781 452 3818 manu,
467 3771 504 3808 sed
518 3770 562 3808 alto
576 3774 654 3809 atram.
665 3775 717 3818 poce
731 3773 835 3819 suppleta,

388 3914 415 3978 1)
437 3913 539 3978 Nescio,
557 3913 603 3964 ubo·
618 3913 667 3965 hoc
683 3913 794 3980 beatur.
844 3915 871 3980 2)
893 3869 1071 3968 nocentiae
1088 3930 1175 3983 capra
1190 3933 1218 3982 p.
1232 3917 1256 3971 5.
1306 3913 1334 4038 Sp
1354 3914 1397 3979 Cf.

281 3988 425 4035 troadam
449 3998 536 4049 supra
557 3988 627 4052 pai,
649 4002 676 4039 a.
689 3988 714 4038 4.
734 3985 851 4035 allatam
865 4002 894 4052 p.
907 3987 1010 4052 seseq.
1083 3988 1111 4053 4)
1133 3987 1177 4038 Sic
1197 3987 1231 4052 (a.
1242 3984 1317 4039 VIII
1335 4025 1342 4054 ,
1360 4002 1397 4040 m.
1416 4005 1443 4042 ιο

281 4053 335 4123 VI)
354 4054 432 4106 babet
451 4053 561 4121 Gotifr„
579 4055 627 4112 SS.
646 4055 742 4122 XXII,
756 4071 787 4121 p.
800 4057 866 4123 2953
892 4071 915 4111 a.
929 4054 1033 4122 VIIII,
1060 4059 1106 4123 [m.
1119 4054 1211 4110 VIIII
1228 4058 1263 4126 A]
1282 4058 1397 4113 Martia.

283 4125 383 4194 Oppao.
436 4127 464 4191 5)
486 4125 561 4177 Haec
579 4143 612 4178 ec
630 4127 724 4179 tubum
741 4126 902 4192 Landulpbi
918 4129 1035 4195 episcopi
1051 4129 1116 4180 dato
1134 4145 1160 4184 a.
1174 4132 1252 4184 1021.
1270 4130 1341 4196 Apr.
1353 4131 1397 4195 22,

281 4199 434 4263 Murotori,
457 4198 550 4264 Ants‘q.
569 4197 633 4250 Ital.
649 4197 675 4246 V
690 4198 853 4263 (Micioni
871 4201 962 4265 1741),
982 4200 1028 4252 col.
1048 4201 1101 4255 983
1113 4217 1168 4267 cq.,·
1192 4200 1225 4254 L.
1244 4202 1397 4267 Amynan,

283 4269 369 4322 Codex
394 4269 459 4337 dipl.
480 4269 623 4321 Cremonae
640 4269 671 4333 I,
694 4286 723 4336 p.
743 4271 777 4324 57
790 4285 842 4336 aq„
869 4285 913 4324 nr.
932 4273 976 4325 37.
999 4269 1111 4324 Primus
1136 4271 1220 4324 abbae
1244 4273 1399 4325 monaaerii

281 4343 309 4395 S.
328 4341 473 4393 Laurentii
489 4341 545 4404 fuet
563 4340 725 4406 Lampados
743 4341 767 4404 I,
792 4343 840 4407 qui
860 4344 889 4392 ἐκ
907 4341 999 4394 tabida
1017 4343 1190 4406 fundationis
1207 4343 1289 4394 buius
1307 4358 1398 4395 moeta-
1415 4360 1443 4400 45

281 4413 360 4465 nterii
371 4429 402 4478 p.
415 4414 441 4476 8,
460 4428 485 4466 a.
501 4415 524 4466 l.
544 4411 659 4462 laudata
675 4413 840 4466 nominatur.
