3232 5028
301 423 338 478 20
552 417 718 474 ORONIOA
736 417 906 474 Auserem
924 416 975 472 ΒΕ
992 415 1166 474 BllZANIS.

161 605 227 645 uari.
238 603 292 654 οη.
302 593 404 652 iudicio
423 593 543 649 creditur
561 594 620 648 sine
637 593 739 648 herede
757 593 896 650 decesisse.
927 592 1000 648 Nam
1011 609 1100 662 neque
1111 591 1211 647 fillium
1223 609 1312 662 neque
1324 593 1421 647 filliam

161 676 210 717 coc.
220 666 414 733 salahabens,
432 681 556 720 reversus
574 663 604 718 in
621 665 748 733 patriam,
766 665 863 718 morbo
882 667 1008 746 coreptus
1026 663 1095 718 obiit
1113 667 1141 718 et
1158 663 1187 717 in
1206 664 1319 720 civitate
1331 663 1421 733 Spira,

303 737 351 791 ubi
370 735 513 791 ecclesiam
531 752 613 804 supra
630 737 810 790 memoratam
829 735 968 804 conplevit
995 737 1076 802 atque
1094 734 1208 803 ditavit,
1232 735 1354 804 sepultus
1380 741 1421 788 est

150 825 293 866 laetarer.
304 807 381 862 iuxta
397 810 514 876 patrem,
533 823 614 859 avum
633 810 660 860 et
679 809 802 859 astarum
821 822 908 862 suum.
944 803 1047 860 Unde
1064 822 1169 859 versus:

436 879 535 931 Fl'llius
552 877 596 930 ln’e
609 879 758 943 primis,
775 877 820 928 lrlc
837 893 912 942 cm,
931 876 975 928 lie
995 891 1117 944 proavus
1136 879 1202 928 lacet
1219 878 1287 932 tolie.
1439 887 1453 928 c

246 966 294 1008 coc.
305 947 387 1002 Anno
405 948 484 1017 regni
503 947 560 1001 eius
577 945 708 1014 XVIIII,
726 945 825 1015 inperii
843 945 941 1002 recob.

164 1027 227 1120 ὦ·
238 1028 293 1129 ξιξ
410 1034 526 1089 *Annon
546 1033 659 1087 Domini
678 1035 719 1088 ab
737 1034 998 1090 incarnatione
1016 1033 1175 1102 wem,
1197 1017 1417 1106 [indictione‘¹

224 1109 229 1120 ⁸
287 1105 459 1247 prima}
491 1121 669 1176 Innocentius
696 1120 759 1174 ΠΜ
794 1131 900 1191 papa,
934 1122 1008 1176 alio
1042 1122 1187 1176 nomine
1218 1155 1382 1172 ·····
1390 1115 1419 1187 θ,

303 1195 414 1250 natione
459 1209 582 1260 omanus,
610 1209 644 1244 ex
669 1196 747 1260 patre
765 1191 878 1260 Iohane,
906 1192 941 1246 de
965 1193 1078 1262 regione
1097 1191 1313 1261 'l'ranstyberim
1341 1209 1420 1246 ruc-

304 1265 417 1346 oessit
433 1262 600 1345 lionorio
622 1279 715 1386 pape
739 1263 967 1330 temporibus
989 1263 1161 1346 hothnarii
1186 1263 1469 1346 inperatoriam

254 1333 549 1473 mittitete
557 1331 1421 1475 &scribelileeistetttltllffltttll

305 1474 450 1542 cardinali,
481 1473 525 1528 cui
549 1473 701 1528 Anacletus
730 1490 831 1527 nomen
860 1472 1001 1542 inponitur
1045 1474 1098 1528 luit
1125 1475 1235 1530 electus.
1277 1475 1421 1528 Inocentio

305 1547 408 1628 clerus,
433 1544 628 1626 set-Anaclete
652 1547 745 1626 preter
762 1543 975 1614 Frangepannos
993 1517 1152 1598 Ilcmanum
1176 1546 1275 1616 vulgus
1298 1545 1420 1628 pdhesit3

164 1613 757 1754 ’‘m'‘'ff'lllcdlligliffilllfflll
771 1614 1422 1740 „etl⁰tttt¹³t0lltm⁰tletttlllt
1441 1625 1468 1668 ¹⁶

255 1767 296 1810 sla
306 1761 333 1812 et
350 1774 401 1826 per
417 1755 577 1810 violentiam
595 1755 756 1810 crucifixum
774 1772 888 1809 aureum
899 1773 1049 1824 aureasque
1067 1773 1181 1810 coronas
1199 1761 1227 1810 et
1245 1757 1421 1811 ecclesiarum

165 1839 232 1880 Mart.
243 1837 297 1886 opp.
305 1831 427 1882 tesauros
440 1827 575 1896 accipiens
593 1843 624 1880 ac
642 1826 759 1895 lapides
776 1827 930 1896 preciosos
947 1828 1106 1896 spoliavitt.
1144 1827 1293 1895 Gyborium
1306 1845 1421 1896 quoque,

306 1897 380 1966 quod
399 1901 508 1951 sanctus
526 1895 584 1951 Leo
602 1915 675 1966 papa
694 1900 891 1963 construxerat,
910 1897 1051 1953 destruxit.
1083 1897 1146 1951 Hoc
1158 1898 1231 1951 idem
1245 1898 1280 1950 ad
1292 1897 1422 1952 Sanctam

305 1968 424 2022 Mariam
442 1966 580 2022 Maiorem
597 1985 698 2038 magno
717 1967 845 2022 thesauro
864 1967 980 2021 ditatam
998 1971 1026 2021 et
1044 1969 1132 2021 allias
1150 1969 1287 2023 ecclesias
1306 1967 1421 2036 Urbish3
1441 1981 1469 2020 so

255 2050 297 2093 sc.
306 2057 369 2094 cum
387 2055 442 2108 quo
459 2039 587 2092 thesauro
605 2043 750 2106 postquam
763 2055 856 2092 omnes
867 2038 1008 2092 Romanos
1020 2038 1231 2107 corumpissetl,
1249 2039 1278 2091 in
1290 2040 1422 2108 Apuliam

306 2127 335 2163 se
364 2109 470 2178 recepit
499 2113 528 2162 et
557 2108 710 2178 Rogerium
739 2125 834 2178 regem
860 2108 994 2178 Apulia
1013 2127 1070 2162 esse
1088 2111 1228 2166 concessit.
1265 2109 1422 2163 Inocentius

166 2190 372 2240 flammavere
399 2196 471 2248 papa
497 2179 605 2231 nullom
632 2178 782 2233 subsidium
809 2179 913 2232 habens
943 2179 972 2232 in
996 2179 1073 2234 Urbe
1099 2197 1161 2233 cum
1187 2180 1369 2234 cardinalibus
1394 2182 1422 2232 in

252 2261 296 2304 sse.
307 2249 412 2302 duabus
430 2248 526 2318 galleis
537 2248 614 2301 Pisas
632 2248 708 2302 venit
726 2252 754 2302 at
771 2249 843 2302 inter
854 2248 967 2302 Pisanos
986 2253 1013 2302 at
1029 2248 1177 2304 Ianuenscs
1194 2255 1305 2320 treugas
1322 2251 1422 2319 posuit.

307 2319 378 2374 Inde
395 2317 569 2388 proficiscens
588 2318 661 2387 apud
679 2317 810 2372 Sanctum
828 2318 957 2388 Egidium
976 2321 1122 2374 concilium
1141 2322 1307 2376 cellebravit.
1338 2321 1422 2374 Pran-
1441 2333 1468 2373 re

308 2391 379 2445 siens
391 2391 420 2442 in
432 2388 577 2444 Franciam
590 2389 749 2457 aLodoyco
761 2405 826 2459 rege
838 2389 1007 2443 Francorum
1021 2396 1049 2444 et
1057 2390 1180 2446 Henrico
1192 2409 1257 2461 rege
1266 2391 1423 2462 Anglorum

307 2459 468 2514 honoriffice
486 2463 612 2528 receptus
631 2463 679 2516 est.
715 2459 898 2528 Progrediens
924 2460 1007 2515 inde
1031 2462 1059 2514 iu
1078 2461 1296 2532 Lothoringiam,
1314 2461 1350 2514 id
1370 2467 1424 2516 est

167 2516 459 2610 ⁰⁰²·²³›3⁴,{·Leodium,
486 2529 548 2584 ubi
566 2547 582 2582 a
599 2546 665 2599 rege
683 2529 815 2583 [rothario
833 2531 1042 2599 promissionem
1060 2534 1180 2600 accepit,
1208 2533 1282 2600 quod
1307 2550 1369 2586 eum
1388 2532 1423 2585 ad

293 2600 383 2654 'beati
400 2600 476 2654 Petri
494 2599 586 2654 sedem
604 2600 754 2657 reduceret.
791 2600 911 2654 Rediens
929 2602 1021 2670 itaque
1039 2601 1134 2656 Remis
1153 2645 1266 2659 .....
1270 2602 1289 2644 k
1304 2607 1331 2656 et
1350 2603 1424 2672 apud

307 2671 479 2726 Placentiam
503 2670 620 2726 tercium
645 2671 792 2726 concilium
816 2672 983 2728 cellebravit.
1019 2673 1157 2727 Reversus
1176 2673 1251 2726 Pisas
1275 2675 1348 2727 inter
1365 2673 1423 2726 Pis·
1442 2687 1468 2726 eo

308 2759 387 2796 sanos
403 2746 431 2796 et
442 2741 591 2796 Isnuenses
608 2758 705 2811 pacem
723 2743 874 2812 conposuit,
894 2747 921 2796 et
933 2745 1055 2797 recolens
1067 2743 1213 2797 benelficia
1225 2744 1275 2798 sibi
1289 2761 1306 2797 a
1318 2743 1424 2797 Pisanis

308 2817 336 2867 cl
353 2811 534 2867 Ianuensibus
552 2813 651 2866 collata
669 2811 781 2866 Pissane
799 2815 933 2867 concessit
955 2814 1068 2868 ecclesie
1085 2815 1235 2883 primatum
1253 2815 1378 2868 Sardinia
1396 2819 1424 2867 et

307 2887 363 2938 tres
382 2901 396 2938 e
416 2884 552 2952 iscopatus
570 2883 599 2936 in
616 2884 754 2952 provintia
766 2883 883 2939 Ocrsice.
913 2883 1063 2938 Ianuenses
1080 2901 1146 2938 vero
1164 2885 1267 2938 exemit
1285 2902 1301 2937 a
1319 2885 1423 2938 subiec-

306 2954 388 3008 tione
434 2954 613 3008 ediolanensis
640 2953 753 3008 ecclesie
781 2970 896 3034 eamque
922 2955 1098 3024 metropolim
1125 2955 1229 3010 faciens
1255 2955 1371 3009 subiecit
1398 2955 1424 3008 ei

306 3024 472 3104 Bobiensem
491 3027 519 3076 et
530 3023 664 3090 quosdam
676 3023 835 3078 Corsicanos
847 3041 996 3092 episcopos.
1026 3024 1099 3078 Dum
1117 3025 1169 3079 hec
1187 3033 1341 3095 agerentur,
1361 3043 1424 3079 ecce
1442 3039 1468 3079 cc

306 3111 357 3148 rex
368 3093 516 3147 Letharius
533 3093 646 3147 festinus
664 3094 813 3162 promissor
830 3093 956 3164 advenit;
974 3111 1023 3148 rex
1041 3095 1126 3166 igitur
1142 3101 1170 3150 et
1180 3096 1305 3165 pontifex
1318 3097 1424 3151 Urbem

306 3165 411 3233 pariter
429 3164 563 3219 adierunt.
595 3163 652 3218 Ubi
669 3163 796 3232 pontifex
814 3163 906 3218 sedem
925 3165 954 3218 in
972 3163 1168 3220 Lateranensil
1188 3167 1311 3234 ecclesia,
1330 3171 1357 3220 et
1374 3184 1424 3220 rex

255 3275 258 3280 .
307 3233 439 3303 inperiale
464 3233 583 3303 optinuit
601 3234 735 3288 diadema.
771 3233 838 3288 Post
868 3234 918 3288 hec
946 3235 1087 3304 inperator
1116 3238 1145 3290 in
1174 3239 1364 3304 Alamaniam,
1396 3241 1424 3290 et

306 3304 432 3374 pontifex
449 3304 597 3359 revertitur
614 3305 649 3358 ad
667 3303 806 3358 civitatem
818 3303 955 3374 Pisonem,
974 3306 1022 3359 ubi
1038 3311 1166 3375 quartum
1179 3309 1324 3361 concilium
1343 3309 1422 3361 celle-

306 3375 411 3442 bravit3
443 3378 471 3429 et
500 3375 630 3443 quoniam
659 3373 795 3444 Rogerius
825 3393 888 3430 rex
914 3375 1049 3444 Apulia
1078 3377 1193 3431 Petrum
1222 3379 1423 3432 heresiarcham
1440 3392 1467 3431 so

306 3445 453 3516 agnomine
472 3445 639 3498 Anecletum
658 3446 866 3514 antipapam
891 3446 980 3500 adhuc
1004 3447 1033 3500 in
1052 3465 1130 3502 crore
1148 3448 1297 3517 fovebatm,
1317 3449 1423 3502 christi·

306 3516 449 3570 unissimus
466 3515 615 3585 inperator,
635 3515 748 3570 ecclesie
767 3517 917 3570 catholicus
935 3517 1090 3587 advocatus,
1109 3519 1144 3572 de
1157 3518 1303 3572 Alamania
1315 3520 1423 3572 rediens

307 3605 370 3643 cum
388 3603 495 3641 summo
513 3585 643 3654 pontifice
661 3585 763 3654 Apulis
790 3585 858 3641 fines
884 3587 983 3642 invasit
1010 3593 1037 3642 et
1064 3593 1152 3642 totam
1170 3594 1296 3658 potenter
1314 3590 1422 3644 fortitu·

413 3799 434 3851 a)
448 3799 479 3838 alc
493 3803 512 3838 et
525 3799 564 3848 stc,
579 3801 602 3836 ul
615 3798 700 3848 scripsi,
715 3797 838 3837 distinctum
847 3799 871 3836 ἐκ
884 3810 915 3846 e.,·
928 3800 984 3849 lepe:
999 3801 1042 3850 hic,
1057 3806 1122 3850 pater
1131 3801 1176 3853 hle,
1191 3803 1302 3854 avusblc,
1316 3813 1421 3850 proavus.

306 3853 328 3903 b)
343 3853 419 3901 supple
432 3853 508 3891 XIIII.
523 3862 550 3890 etc
564 3851 645 3898 Gctltr.
659 3871 687 3880 -
700 3851 798 3901 Reliqua,
811 3853 857 3898 tere
870 3853 945 3902 quinta
953 3864 1011 3902 para
1019 3856 1116 3903 popinae
1129 3855 1176 3895 ier.
1192 3859 1261 3895 occat.
1316 3855 1336 3906 c)
1351 3856 1423 3894 littero
1441 3858 1468 3898 45

306 3906 399 3944 initialia
412 3905 433 3944 A
446 3906 513 3943 minio
523 3905 634 3953 plnpsndc
648 3905 711 3944 decet.
767 3901 791 3956 d)
809 3905 854 3946 ind.
870 3906 943 3954 prima
957 3907 1002 3946 cllo
1016 3910 1135 3946 atramento
1149 3908 1176 3946 ab
1189 3909 1239 3947 Alb.
1250 3912 1302 3958 post
1315 3918 1421 3956 superscr.

306 3957 328 4010 e)
341 3958 435 4006 spolium
449 3958 531 3996 nomint
544 3958 656 3996 inserendo
670 3960 740 3998 vam.
782 3958 865 4005 onata
878 3959 988 3998 lectionem
1001 3960 1083 4006 falsam
1097 3962 1193 4000 codicum
1207 3961 1299 4000 Sicarclc'.
1341 3961 1365 4012 g)
1379 3971 1421 4010 aeq.

306 4012 334 4051 ln
354 4011 437 4060 Apulia
457 4021 481 4050 se
502 4011 588 4060 recepit
608 4011 669 4054 delet.
693 4022 711 4052 c.
769 4010 799 4061 b)
819 4012 895 4059 supple
907 4012 967 4052 lecit
976 4022 1003 4050 cc
1017 4013 1106 4056 Martia.
1162 4013 1179 4064 i)
1200 4015 1232 4053 aie
1246 4012 1388 4064 (obrepisset)
1403 4025 1421 4053 c.

306 4063 331 4116 k)
344 4064 438 4112 spacium
452 4064 519 4102 unius
530 4065 588 4102 cocle
601 4068 675 4112 soleat,¹
688 4064 764 4112 supple
777 4061 900 4104 secundum
915 4074 925 4103 a
939 4065 1039 4106 sicardo.
1094 4067 1110 4118 l)
1129 4067 1217 4106 lateran
1229 4078 1248 4109 c.
1303 4066 1334 4118 m)
1348 4068 1423 4116 pollue

306 4118 398 4158 lauabat
411 4117 516 4165 scriplum
530 4125 573 4155 ease
586 4117 671 4155 videtur
684 4117 707 4154 tn
719 4127 738 4155 c.
1440 4122 1468 4161 te

414 4293 441 4360 1)
462 4293 496 4348 A.
510 4293 588 4348 1130.
607 4293 716 4344 icds'ctio
735 4291 812 4348 VIII.
831 4299 854 4344 ct
872 4292 925 4348 IX.
944 4293 1007 4357 full.
1108 4295 1134 4362 2)
1158 4293 1226 4347 fillio
1245 4295 1372 4348 Alterius
1390 4309 1424 4346 cc

305 4365 428 4417 Marls'm‘
447 4362 546 4430 Oppao.
566 4363 645 4417 Gran.
660 4380 691 4430 p.
703 4364 765 4419 436.
784 4363 920 4431 supplevit.
