3232 5028
457 434 626 490 CRONICA
644 435 814 492 ALBERTI
832 437 882 492 DE
902 437 1073 496 BDZANIS.
1288 446 1323 498 51

201 619 231 668 et
249 630 366 682 yconam
384 613 491 682 regiam
510 613 657 681 capientes.
764 613 848 667 Anno
866 614 978 668 Domini
996 614 1191 672 M00011110r.
1221 617 1322 674 Veneti
1332 595 1412 704 ἔξω

203 695 240 756 et
260 689 465 773 Francigeni
483 718 546 755 oum
566 701 754 768 aliquibus
772 702 922 756 baronibus
940 704 1038 757 urbem
1057 703 1323 774 Constantinopolim
1371 692 1377 705 ’

203 795 336 860 ceperunt
367 780 409 842 de
440 797 556 842 mense
588 777 715 860 Aprilli
726 777 746 838 1·
795 789 928 843 Similiter
955 791 1130 844 soldanus
1158 780 1393 872 sarraceno-3⁴32
1408 833 1455 881 opp

202 879 266 914 rum
296 879 357 915 cum
387 860 583 914 innumerabili
613 861 812 913 multitudinea
838 865 934 914 contra
958 861 1085 930 Yspanos
1117 862 1257 917 confussus
1287 865 1324 918 ad
1394 865 1399 874 '
1456 861 1464 874 ’

168 933 321 1001 ιριιιίιιιιι
345 949 423 985 suam
448 931 556 986 reddiit.
603 930 773 984 Murzufluus
801 930 971 1000 Alexius‚
1003 932 1050 1001 qui
1082 949 1110 986 se
1138 935 1322 1002 inperatorem
1332 953 1377 993 so.
1404 962 1407 967 ·

202 1003 326 1072 putabat,
345 1003 419 1072 fugit
437 1003 472 1056 de
490 1002 566 1057 urbe.
603 1002 705 1055 Alter
723 1001 835 1070 quidam
854 1001 991 1055 taciusb
1009 1004 1184 1058 ascaronibus
1202 1007 1322 1075 eligitur.

202 1075 251 1128 Set
266 1074 394 1127 veniente
412 1074 474 1126 luca
492 1090 509 1126 a
524 1072 631 1125 Latinis
647 1072 836 1126 Balacherna⁰
854 1076 883 1126 et
897 1072 1105 1127 Buchaleonum
1123 1076 1226 1143 palatia
1241 1093 1323 1130 occu-

200 1149 309 1213 pantur.
341 1143 415 1213 Quid
432 1141 552 1212 plural(l
570 1142 723 1197 Greoorum
736 1147 827 1214 strage
840 1143 905 1197 data
916 1145 1066 1198 multorum
1079 1162 1146 1215 gens
1158 1145 1322 1201 Latinorum

200 1233 298 1286 urbem
317 1230 623 1299 Constantinopolim
648 1230 677 1283 in
696 1248 789 1284 mense
807 1231 910 1300 Aprilli
932 1232 1078 1286 victoriose
1103 1233 1230 1302 optinuit.
1275 1224 1321 1286 Et

154 1329 181 1368 ιο
201 1309 321 1372 eodem
361 1329 451 1372 anno
490 1308 585 1370 ultra
618 1307 656 1370 M
695 1308 736 1372 de
775 1308 973 1372 hominibus
1008 1309 1316 1375 Cremonensibus⁰

199 1398 339 1460 iverunt
363 1396 703 1478 Constantinopolim
738 1416 841 1460 causa
875 1399 1002 1461 terram
1032 1399 1205 1466 retinendi
1215 1399 1236 1460 ².
1273 1411 1320 1464 Ad
1330 1427 1374 1472 arc.

199 1481 252 1533 heo
270 1480 387 1532 barones
404 1478 578 1546 Baldoynum
603 1479 733 1532 comitem
750 1478 879 1534 Flandrie
903 1480 932 1532 in
957 1480 1142 1548 inperatorem
1165 1481 1320 1536 diademate

201 1553 382 1618 coronarunt3
409 1549 486 1602 cuius
512 1550 668 1618 captionem
687 1549 769 1602 etiam
788 1554 850 1619 post
867 1551 1002 1604 multos
1020 1551 1078 1604 dies
1095 1553 1255 1621 pluriquee
1279 1554 1319 1606 in·
1330 1569 1395 1612 mm.
1406 1569 1461 1617 opp.

201 1621 262 1674 cole
280 1620 434 1674 civitatum
452 1618 510 1673 ulf
526 1620 676 1674 credebant
693 1625 764 1674 tam
781 1624 895 1690 propter
911 1621 1027 1674 civitatis
1043 1621 1241 1692 fortitudinem,
1259 1627 1320 1677 tum

153 1709 181 1748 ιι
199 1695 314 1760 propter
341 1692 481 1760 antiquam
504 1691 685 1760 prophetiam.
722 1691 970 1759 Prophanatums
994 1693 1129 1761 siquidem
1153 1697 1221 1762 erat,
1247 1695 1320 1763 quod

200 1762 339 1816 debebat
357 1763 419 1830 oapi
436 1779 487 1831 per
505 1762 643 1831 angelum,
663 1765 691 1814 et
709 1763 748 1814 ita
763 1779 823 1815 eam
842 1779 947 1830 posse
964 1763 1026 1832 capi
1041 1781 1091 1831 per
1107 1764 1247 1818 hominem
1264 1782 1320 1819 uon

200 1833 358 1891 credebant,
388 1831 438 1886 Set
449 1833 573 1886 hostibus
585 1850 635 1901 per
647 1850 779 1900 murrum,
798 1833 847 1885 ubi
859 1834 973 1902 angelus
984 1835 1074 1902 pictus
1093 1839 1161 1902 erat,
1180 1835 1320 1888 civitatem

200 1904 365 1957 intrantibus
377 1921 405 1957 se
418 1903 548 1972 deceptos
560 1901 670 1956 incolell
685 1920 736 1971 per
748 1903 988 1970 equivocacionem
1001 1905 1091 1974 angeli
1103 1910 1291 1974 cognoverunt
1300 1907 1318 1961 ³.

199 1973 364 2028 Venetisi
385 1973 616 2028 conniventibusk
631 1974 767 2042 inperium
785 1975 936 2029 sortientes.
972 1974 1046 2027 Nam
1064 1979 1161 2042 quarta
1179 1976 1259 2030 cessit
1278 1976 1371 2030 insse.

151 2065 181 2104 20
198 2045 336 2114 paratoria
363 2045 507 2112 maiestati,
534 2045 619 2098 trium
647 2049 806 2113 quartarum
833 2044 965 2098 medietas
978 2044 1093 2098 Venetis
1112 2045 1199 2115 cessit,
1227 2045 1319 2099 cetera

199 2115 360 2186 peregrinis.
396 2115 524 2169 Marchio
549 2133 614 2170 vero
633 2115 793 2169 Bonifaoius
811 2114 969 2169 Montisf
974 2115 1070 2168 erati
1097 2117 1217 2184 optinuit
1235 2116 1319 2170 Tesa-

199 2187 326 2242 lonioem.
364 2185 534 2240 Murzufluus
553 2190 646 2240 autem
664 2185 810 2240 Alexiusl
830 2187 997 2254 tirampnus
1015 2186 1108 2240 adiens
1127 2191 1155 2240 et
1172 2186 1318 2241 intendens

199 2275 262 2311 eum
290 2259 382 2326 aliquo
409 2258 492 2311 modo
517 2275 621 2326 posse
648 2257 786 2312 seducere.
831 2256 893 2310 Set
919 2257 1023 2312 lumine
1048 2257 1171 2326 privatus
1198 2261 1247 2326 est,
1274 2275 1318 2312 re·

159 2385 162 2392 ,
199 2327 330 2396 diensque
357 2330 386 2382 in
412 2329 511 2382 urbem
538 2345 553 2381 a
581 2328 687 2381 Latinis
714 2327 928 2382 misericordiam
957 2328 1113 2396 inpetravit.
1149 2327 1198 2382 Set
1224 2346 1318 2382 rursus

150 2417 180 2459 25
199 2415 262 2452 oum
279 2398 446 2468 prodicionis
469 2399 612 2452 moliretur
635 2398 746 2452 insidias
771 2399 901 2466 facere,
930 2399 964 2452 de
992 2390 1138 2468 columpna
1156 2399 1241 2452 Tauri
1267 2417 1318 2468 per

198 2470 362 2524 sententiam
380 2469 560 2539 precipitatus
578 2473 627 2525 est.
660 2470 790 2524 Ascharo
810 2485 918 2538 quoque
936 2473 1011 2522 trans
1028 2469 1208 2538 Lepontemm
1221 2470 1316 2540 fugato

197 2540 291 2594 Latini
309 2541 427 2595 victores
445 2541 504 2594 fere
521 2544 610 2594 totam
627 2539 816 2593 monarchiam
834 2541 986 2596 tenebant.
1094 2540 1202 2594 Eodem
1227 2558 1317 2609 quo-

198 2628 264 2679 que
282 2629 354 2666 anno
373 2611 456 2666 Greci
475 2611 552 2680 quasi
570 2611 682 2665 excitati
693 2611 799 2664 Latinis
818 2610 937 2679 expulsis
955 2628 984 2664 se
1003 2611 1032 2663 in
1043 2610 1256 2680 Andrinopolim
1274 2629 1317 2666 re-

196 2699 229 2736 ce
249 2687 338 2738 erunt.

149 2772 179 2813 ao
229 2700 248 2751 p
306 2753 381 2807 *Set
404 2769 476 2807 anno
494 2752 606 2807 Domini
624 2749 750 2807 M⁰CCV.
787 2749 945 2819 Baldoynus
967 2751 1108 2820 inperator
1125 2749 1414 2817 Constantino-mm.

196 2824 335 2893 politanus
355 2823 458 2878 Grecos
470 2824 500 2877 in
511 2823 746 2892 Andrinopolim¹1
763 2825 943 2892 congregatos
961 2821 1076 2877 obsedit.
1107 2821 1156 2875 Sat
1174 2823 1312 2876 aBlaois⁰
1416 2873 1420 2879 .

197 2895 354 2948 forinsecis
381 2899 416 2948 et
443 2891 616 2965 congregatis
643 2892 773 2946 Cumanis
802 2892 860 2961 ipse
890 2893 1031 2961 inperator
1060 2909 1122 2946 oum
1153 2893 1317 2960 quibusdam

197 2966 347 3019 baronibus
365 2966 421 3018 suis
439 2971 537 3033 captus
555 2968 596 3018 est
614 2967 643 3018 et
660 2964 777 3032 occisus3
805 2961 941 3017 exercitus
966 2967 1059 3018 autem
1083 2963 1175 3017 illesus
1193 2981 1317 3018 reversus

197 3041 238 3088 est
264 3035 538 3104 Constantinopolim,
569 3035 616 3090 cui
641 3035 745 3104 prefuit
771 3033 908 3088 Henricus
935 3033 1020 3087 frater
1047 3034 1218 3103 inperatoris,
1247 3035 1316 3090 duce

148 3117 179 3160 aa
197 3106 315 3161 Venetia
342 3106 398 3160 iam
425 3110 544 3160 mortuo.
580 3105 707 3160 Marchio
733 3122 840 3174 quoque
858 3104 1018 3158 Bonifacius
1036 3103 1197 3159 Montisf
1201 3106 1316 3162 errati

197 3177 226 3231 in
245 3177 426 3232 Thesalonica
445 3194 461 3231 a
480 3177 574 3232 Grecis
593 3180 621 3231 et
639 3175 730 3230 Blaois
754 3177 842 3229 multa
863 3192 958 3244 passus
986 3179 1036 3229 est.
1072 3174 1138 3229 Fuit
1164 3177 1217 3230 hoo
1244 3193 1316 3231 anno

198 3247 294 3303 Grecis
311 3248 422 3314 blanda,
449 3247 557 3302 Latinis
583 3247 696 3301 adversa
714 3246 832 3302 fortuna.
942 3247 1025 3300 Anno
1043 3245 1154 3300 Domini
1172 3246 1315 3305 M⁰CCVL

196 3317 232 3372 In
251 3319 378 3373 orientali
396 3325 424 3373 et
441 3319 471 3372 in
488 3317 653 3372 occidentali
670 3316 776 3386 inperio
795 3320 823 3370 et
842 3315 915 3385 apud
930 3317 1116 3386 Antyochiam
1135 3336 1169 3372 ex
1186 3319 1317 3388 predictis

196 3408 283 3462 causis
313 3407 386 3461 inter
414 3407 553 3476 predictos
583 3409 756 3460 certantum)
785 3405 911 3461 illustres.
1056 3394 1187 3460 Eodem
1225 3407 1405 3462 ann01206.

146 3508 179 3548 ιο
196 3484 366 3568 palatium
402 3483 557 3548 comunis
593 3482 760 3547 Cremona
794 3481 865 3544 tuit
895 3482 1105 3568 inceptum4.
1232 3496 1316 3550 Anno

305 3693 327 3742 a)
349 3702 361 3731 a
382 3701 393 3730 e
414 3701 486 3737 corr.,·
508 3691 584 3739 supple
604 3691 704 3732 veniens.
779 3690 802 3738 b)
824 3690 868 3737 leae
889 3690 980 3738 quidam
1000 3689 1079 3729 Ascari
1100 3700 1114 3729 a
1134 3689 1220 3729 civibus
1241 3689 1317 3733 tatuis.

196 3746 217 3797 a)
236 3746 268 3784 stc
281 3755 299 3785 c.
355 3741 379 3796 d)
397 3754 462 3794 neque
479 3744 655 3792 latmopattom'a
672 3753 737 3792 neque
755 3743 816 3781 allud
834 3743 978 3782 distinctionis
997 3744 1083 3791 ιίριιιιιιι
1101 3743 1139 3781 lsoc
1157 3743 1202 3781 loco
1218 3743 1318 3792 positum

196 3802 227 3838 eet
240 3801 264 3837 tn
279 3809 296 3840 c.
351 3800 372 3845 e)
391 3799 483 3837 cremori
496 3809 514 3836 c.
569 3797 586 3845 t)
608 3797 653 3844 lays
671 3795 771 3835 civitatis
788 3806 842 3834 non.
898 3797 919 3844 g)
941 3797 986 3844 laec
1003 3795 1193 3844 Prophatlaatum.
1248 3796 1272 3845 h)
1293 3797 1318 3836 ln

196 3853 241 3892 tele
257 3863 275 3890 c.
331 3851 348 3902 1)
368 3851 414 3900 leae
427 3851 498 3899 volls3
519 3854 569 3889 ame
582 3851 621 3889 boe
634 3850 721 3888 vertum
735 3849 819 3887 nauum
832 3848 976 3888 dlmmsonle
988 3849 1074 3896 rignum
1087 3849 1110 3886 tn
1124 3859 1142 3890 c.
1195 3848 1219 3898 k)
1235 3849 1264 3896 cs.
1279 3849 1318 3892 SS.

146 3905 177 3948 45
195 3904 380 3954 XXXLp.1'l⁸,
395 3903 449 3947 mk.
495 3903 511 3954 l)
526 3904 570 3952 leae
584 3903 688 3942 Alexium
703 3902 844 3951 urampnum.
904 3903 934 3950 m)
956 3902 1001 3949 leue
1014 3900 1169 3950 Iulespomum.
1228 3902 1251 3954 n)
1272 3913 1316 3953 asp.

197 3959 285 4006 gdelet.
339 3959 362 4005 ο)
383 3957 408 4008 83
422 3957 503 3996 ablatis
516 3968 550 4003 c.,·
568 3956 596 4004 cf.
612 3955 650 3995 SS.
665 3955 755 4004 XXXI,
765 3953 849 4003 atra,
863 3955 916 3994 ιι.0.
971 3954 995 4005 p)
1009 3954 1054 4002 lece
1067 3958 1173 3998 certatur.

304 4118 331 4184 1)
352 4114 441 4168 Ιιοιιιι
452 4116 604 4168 Annalium
617 4113 832 4166 Cremonema'um
850 4113 1048 4181 deperditcrurn
1066 4128 1126 4166 cum
1142 4113 1196 4167 loco
1208 4115 1319 4167 Steordi

196 4189 352 4240 coniunctus
376 4192 422 4242 eat.
466 4187 538 4242 Anu.
565 4185 685 4239 Cranen.
710 4187 781 4237 enim
805 4186 854 4252 qus·
879 4189 995 4250 acuens,
1018 4184 1066 4240 SS.
1091 4185 1201 4251 XXXI,
1221 4202 1252 4251 p.
1274 4187 1316 4248 11,

196 4258 309 4310 lactent:
334 4255 479 4310 Francieni
504 4260 532 4310 et
549 4255 694 4311 Venioiani
719 4257 852 4322 cepenmt
870 4252 1145 4324 Constantinopolum
1170 4255 1316 4308 demensa

149 4337 178 4380 ιο
197 4328 303 4396 Aprilis
327 4333 374 4382 ato.
445 4327 473 4398 2)
500 4328 543 4392 Cf.
562 4329 635 4382 Ano.
655 4327 775 4380 Cremona.
789 4342 819 4392 p.
835 4327 877 4380 11.
949 4327 977 4392 3)
1004 4326 1075 4378 Loco
1093 4326 1212 4377 Martini
1233 4327 1317 4378 nimia

196 4399 283 4466 inepte
301 4401 402 4451 incerto
419 4400 493 4451 locata
510 4398 622 4450 Sicordi
638 4399 765 4449 dissectus
782 4401 828 4451 est.
888 4397 917 4462 4)
940 4394 982 4460 Cf.
1001 4397 1073 4451 Ana.
1093 4396 1214 4451 Cranen.
1229 4413 1258 4463 p.
1273 4398 1317 4454 11.

1119 4499 1155 4556 4*
