3202 5030
294 453 345 508 106
543 447 710 503 ORONIOA
728 447 900 503 ALBMRTI
917 447 968 502 DE
986 445 1159 504 BEZANIS.

204 633 429 710 1354.mitiva;
461 653 540 697 cum
569 652 637 715 quo
663 633 700 695 in
724 631 889 697 societate
912 634 987 696 erat
1011 631 1191 696 dominus²
1214 631 1407 714 patriarcha

293 721 507 805 Aquilegiel,
541 721 649 805 ipsius
683 721 793 786 frater
827 720 1012 797 naturalis;
1048 720 1210 784 transivit
1243 740 1305 803 per
1335 719 1408 785 Ore-

293 831 429 875 monam
447 811 675 875 conventione
694 810 790 874 facta
809 830 886 873 cnm
906 810 1053 874 dominis
1069 809 1196 886 Melea,
1218 809 1408 874 Bernabovi

293 902 329 963 et
348 898 519 976 Galeanio,
539 899 707 963 fratribus
724 900 766 963 de
779 898 1057 976 Vicecomitibus,
1079 899 1226 962 dominis
1245 899 1408 982 generali·

293 989 357 1053 bus
380 988 580 1066 Mediolani,
606 988 784 1065 Oremone,
805 987 983 1052 Placentic
1000 991 1035 1053 et
1052 987 1213 1051 alliarum
1229 987 1409 1051 civitatum
1432 1011 1448 1051 5

278 1081 369 1168 etc,
398 1078 454 1142 die
477 1078 588 1161 primo
611 1077 686 1140 Ian.
733 1077 779 1140 Et
806 1077 889 1140 dum
918 1077 992 1160 ipse
1023 1076 1204 1141 dominus⁸
1234 1076 1409 1159 inperator

293 1167 456 1231 existeret
478 1167 633 1242 Mantue,
658 1166 728 1228 fuit
751 1185 867 1230 secum
889 1166 927 1228 in
951 1165 1108 1248 coloquio
1132 1185 1245 1230 comes
1269 1165 1408 1229 Landus

292 1255 533 1339 supradictus²
542 1276 549 1332 ;
574 1274 642 1337 quo
661 1254 818 1338 coloquio
833 1255 1021 1318 terminato
1037 1254 1201 1318 recessit3
1216 1275 1236 1317 a
1252 1254 1408 1338 partibus

292 1344 426 1408 Lonadi
450 1347 485 1408 et
508 1364 663 1408 reversus
687 1347 739 1408 est
763 1364 841 1407 cum
865 1344 938 1408 eius
962 1344 1126 1408 societate
1143 1344 1186 1406 ed
1211 1347 1327 1426 partes
1347 1343 1407 1407 Ro·

292 1432 490 1497 mandiolle.
538 1432 672 1497 Deinde
696 1433 840 1497 accessit
869 1434 943 1516 ipse
973 1433 1149 1517 inperator
1172 1432 1406 1498 Mediolanum
1426 1455 1455 1495 ιο

202 1525 327 1586 Ian-eet
350 1521 400 1585 ibi
422 1521 458 1584 in
483 1521 635 1604 epifania
658 1521 800 1585 Domini
830 1524 1014 1586 coronatus
1041 1521 1112 1584 fuit
1135 1541 1262 1586 corona
1284 1521 1406 1598 terrea,

292 1614 327 1674 et
350 1631 418 1674 non
442 1611 608 1674 remansit
637 1611 674 1673 in
697 1610 894 1674 Mediolano
925 1611 992 1674 nisi
1015 1611 1065 1674 VI
1096 1611 1217 1674 diebus
1226 1610 1247 1688 4,
1280 1614 1315 1675 et
1344 1611 1407 1675 ivit

291 1692 425 1763 Pissasb
444 1700 621 1764 redeundo
645 1719 706 1783 per
722 1698 926 1764 Cremonam
936 1700 957 1772 ⁵,
983 1699 1108 1764 deinde
1131 1699 1276 1763 Romam
1301 1702 1336 1763 et
1359 1700 1407 1764 ibi

115 1857 118 1864 ,
175 1805 241 1854 (Aur.
251 1807 281 1854 a).
290 1808 352 1872 per
374 1788 460 1852 duos
485 1789 676 1854 cardinales
700 1792 883 1852 coronatus
911 1789 981 1851 fuit
1005 1809 1131 1852 corona
1154 1808 1267 1852 aurea.
1313 1788 1407 1852 Post-

291 1877 430 1941 modum
447 1897 602 1943 reversus
614 1881 667 1942 est
678 1871 810 1954 Pisasb,
827 1879 887 1961 qui
903 1899 923 1941 a
940 1877 1091 1942 civibus⁰
1108 1878 1242 1942 Pisanis
1259 1877 1406 1960 benigne
1425 1901 1450 1940 15

290 1967 360 2030 fuit
389 1970 558 2050 receptae,
591 1970 625 2032 et
656 1967 781 2032 habuit
810 1967 920 2032 letum
953 1967 1135 2030 introitum
1171 1969 1206 2031 et
1242 1961 1403 2030 tristum‘1

161 2056 431 2133 (mastrucarum,
452 2057 533 2139 quia
552 2057 684 2140 positus
702 2057 772 2119 fuit
787 2057 878 2140 ignis
893 2057 930 2118 in
947 2056 1087 2139 palatio,
1108 2056 1144 2118 in
1160 2076 1228 2139 quo
1244 2056 1406 2120 manebat

291 2144 404 2209 dictus
433 2145 626 2227 inperator;
663 2149 698 2209 et
728 2145 795 2209 nisi
824 2145 937 2228 gratia
961 2145 1027 2209 Dei
1051 2147 1086 2209 et
1109 2145 1328 2228 providentia
1351 2145 1405 2209 do·

291 2233 397 2295 minil
424 2233 632 2297 marchionis
663 2235 705 2298 de
729 2233 1006 2298 Monteferrato⁶
1036 2234 1213 2312 adfuisset,
1245 2235 1280 2297 in
1313 2235 1405 2298 dicto

290 2321 420 2405 palatio
444 2321 703 2406 periculasset0.
749 2322 816 2386 Pro
839 2342 907 2404 quo
930 2323 1047 2387 furore
1071 2323 1141 2386 fuit
1165 2317 1403 2406 decapitatusf
1424 2347 1447 2385 so

160 2410 430 2493 (nauseamquidam
454 2410 594 2474 nobillis
611 2411 654 2475 de
671 2409 913 2475 Gambacurtis
925 2411 944 2488 ⁷,
965 2411 1048 2476 civis
1064 2412 1231 2475 Pisarum.
1271 2411 1405 2476 Deinde

204 1057 282 1111 1355.

203 1127 252 1166 rau.
265 1127 275 1166 1

201 2499 334 2572 (amaad
362 2503 478 2582 partes
501 2498 682 2564 Alamanie
717 2501 928 2564 transeundo
960 2521 1021 2585 per
1052 2500 1253 2565 Cremonam
1289 2506 1325 2565 et
1360 2501 1406 2565 di·

290 2587 448 2651 strictum
473 2587 633 2670 Pergami
656 2610 734 2653 cum
758 2589 831 2653 eius
856 2589 1024 2672 coniuge⁸
1047 2593 1082 2654 et
1106 2611 1211 2674 parva
1234 2591 1405 2654 comitiva.

201 2659 279 2714 135⁵·
395 2679 498 2742 Anno
522 2677 663 2742 Domini
686 2677 913 2743 macoma
938 2679 993 2743 eie
1018 2679 1115 2743 nune
1134 2679 1306 2742 xxvia.
1328 2679 1406 2763 sep-

177 2729 435 2830 swt'ffi'tembrss
454 2770 610 2830 mortuus
626 2770 679 2832 est
695 2767 875 2832 dominusa
892 2768 1053 2832 Matheus
1071 2769 1113 2832 de
1125 2767 1405 2841 Vicecomitibus,
1424 2789 1449 2830 a

289 2857 324 2919 et
348 2855 539 2919 dominium
563 2877 702 2920 suarum
726 2857 905 2920 civitatum
929 2857 1095 2921 remansit
1115 2857 1262 2921 dominis
1282 2857 1406 2922 Berna-

288 2943 368 3008 bovi
391 2947 427 3008 et
451 2943 620 3022 Galeatio,
646 2946 719 3010 eius
741 2945 924 3024 fratribus;
961 2966 1045 3028 quas
1076 2946 1233 3010 civitates
1256 2947 1349 3011 inter
1371 2967 1406 3010 se

288 3033 410 3114 partiti
432 3033 587 3096 fuerunt.

200 3121 277 3176 1356.
395 3121 485 3185 Item
520 3123 557 3185 in
586 3121 834 3187 M⁰OOO⁰LVL
867 3143 1022 3188 reversus
1057 3127 1109 3188 est
1137 3124 1258 3194 ¹dictus
1293 3144 1406 3188 comes

287 3207 427 3272 Landus
452 3211 496 3272 ad
518 3215 634 3293 partes
650 3211 856 3276 Lombardie
874 3233 951 3276 cum
967 3213 1132 3278 societate
1152 3234 1215 3277 sna
1231 3214 1274 3278 de
1290 3233 1405 3278 mense
1424 3236 1450 3275 eo

394 3382 416 3430 a)
436 3379 483 3423 .d.
499 3394 517 3422 a.
573 3384 596 3432 b)
614 3384 645 3422 eta
658 3385 679 3424 h.
695 3385 710 3424 l.
725 3397 743 3424 c.
806 3386 825 3433 c)
845 3385 883 3434 qui
899 3370 1006 3434 siquibus
1019 3385 1055 3437 (=
1069 3387 1205 3438 aliquibuel’)
1219 3398 1237 3426 a.
1299 3384 1322 3438 d)
1341 3387 1372 3424 sla
1388 3398 1405 3426 c.

288 3433 309 3485 e)
323 3434 354 3473 ela
367 3445 400 3482 ιη·
412 3445 454 3485 seq.
468 3447 483 3485 q
496 3437 552 3486 (qni)
567 3438 628 3477 delet.
683 3439 700 3490 t)
716 3436 820 3488 decapitat
834 3451 852 3478 a.
907 3439 929 3491 g)
944 3439 1022 3489 setpltr
1035 3452 1053 3480 a.

395 3575 421 3647 1)
441 3579 578 3634 Nlaalaus.
633 3581 661 3648 2)
682 3580 778 3634 Mattla.
794 3581 900 3632 Villam'
911 3581 966 3648 IV,
979 3583 1029 3636 40:
1049 3579 1083 3634 In
1099 3581 1187 3649 questi
1200 3580 1228 3634 di
1241 3581 1285 3635 all'
1299 3583 1407 3635 eutreta

287 3645 316 3698 di
339 3647 456 3717 germaio
478 3649 498 3702 il
517 3652 597 3702 conte
616 3649 644 3702 di
663 3649 760 3704 Lenda
780 3691 902 3718 ......
922 3651 1027 3706 avendo
1045 3669 1083 3704 un
1102 3652 1130 3705 di
1148 3653 1325 3722 lungamente
1343 3669 1406 3720 par-

287 3717 437 3772 lamentuta
457 3737 473 3773 a
491 3721 549 3774 solo
575 3721 637 3775 aoll’
657 3721 741 3775 eletto
762 3721 943 3790 imperator03
969 3725 1039 3792 quad
1062 3723 1219 3791 colloquium
1243 3727 1330 3792 latur
1351 3739 1404 3776 aaa
1425 3739 1450 3780 aa

287 3791 390 3852 factum
401 3807 454 3844 ecee
465 3795 577 3860 aidetm,
591 3810 650 3845 aum
659 3794 780 3846 Karalus
791 3794 921 3848 Mantuae
932 3795 1092 3848 morabatur
1100 3794 1177 3861 (Noa.
1190 3798 1223 3852 10
1234 3825 1265 3834 -
1277 3796 1338 3851 Dea.
1348 3797 1406 3862 28),

286 3861 333 3912 eeal
350 3877 436 3915 meme
454 3864 589 3916 Iaauarr'a
607 3869 720 3932 ineunte,
742 3882 801 3918 cum
819 3868 849 3917 r'n
868 3867 1006 3919 territoria
1025 3866 1195 3920 Gremamasr'
1211 3868 1328 3921 erutuet
1345 3867 1406 3919 iuda

286 3929 471 3986 Mediolanum
485 3936 712 4001 proficiscebatur.
773 3935 800 4006 3)
819 3937 880 3992 Sall.
899 3938 1013 3990 Lamlus
1030 3952 1121 3993 ramea
1183 3938 1211 4005 4)
1227 3939 1405 3993 Iau.4-12.

287 4003 338 4067 (vet
351 4005 385 4056 10
393 4004 418 4064 ἓ)
425 4019 438 4066 ,·
456 4006 490 4069 af.
512 4005 544 4060 (τ’.
557 4008 689 4072 Romano,
707 4008 843 4060 ‘Aromata
854 4015 918 4063 ator.
931 4009 1108 4076 Lamtardo’,
1128 4025 1178 4064 aer.
1191 4013 1218 4074 3,
1236 4010 1291 4062 III
1298 4011 1405 4076 (1895),

282 4074 440 4140 1).89—96.
513 4077 540 4144 5)
559 4078 624 4130 aum
640 4079 763 4132 Karalus
780 4081 928 4146 imperator
939 4087 1084 4133 emanatus
1094 4097 1120 4136 a.
1135 4083 1212 4136 1355.
1225 4081 1308 4134 medlo
1320 4097 1407 4134 meuse
1424 4097 1451 4136 40

286 4145 368 4197 Ium'a
391 4145 464 4198 Plsr'e
488 4149 519 4198 lu
547 4149 721 4202 Gmmaalam
742 4153 850 4218 rediret,
877 4152 1019 4204 Oremame
1044 4152 1107 4216 fult.
1151 4152 1194 4216 Cf.
1221 4155 1300 4218 infru
1325 4153 1341 4208 l.
1361 4154 1405 4207 22.

287 4217 314 4282 6)
336 4217 469 4270 Iatauule
480 4218 519 4273 ΙΙ.
538 4219 680 4287 Paucum.
733 4221 761 4291 7)
785 4223 849 4275 Tres
860 4223 891 4273 ale
904 4222 1100 4288 Gemtacurtls,
1116 4222 1290 4288 Frauar'saus,
1302 4223 1406 4289 Lattuc,

285 4287 499 4354 Bmttalameus,
511 4291 655 4358 decapitari
664 4298 728 4344 eunt
734 4309 746 4357 ,·
758 4293 857 4348 Mattla.
870 4293 971 4345 Villam'
981 4295 1012 4360 V,
1025 4296 1072 4357 373
1087 4293 1167 4349 Grau.
1179 4295 1209 4345 all
1220 4293 1296 4360 Pisa,
1309 4296 1407 4346 Mura-

285 4361 349 4424 tore',
361 4359 409 4414 SS.
423 4360 488 4428 XV,
501 4362 549 4414 eal.
560 4364 641 4426 10323
654 4362 726 4415 Haut.
740 4364 854 4431 Certus,
868 4365 933 4420 aaa.
945 4364 1015 4431 XII,
1029 4367 1077 4420 cal.
1089 4367 1155 4432 946,
1176 4365 1252 4430 Buff.
1265 4365 1405 4434 Itarmlaut,

286 4430 377 4485 ‘Arcla
395 4437 461 4488 star.
478 4433 554 4488 Ital!
572 4431 618 4500 VI,
638 4435 662 4500 l,
677 4452 707 4502 p.
720 4437 782 4502 834,
800 4442 843 4490 etc.
915 4436 944 4501 8)
966 4437 1052 4488 Aaua
1069 4437 1100 4490 de
1118 4436 1300 4492 Satueidm'te.
1425 4453 1451 4493 et
