3232 5028
671 467 901 522 PRAEFATIO.
1262 467 1350 522 XVII

223 651 301 714 Ian.
323 657 348 713 1.
373 656 528 730 sumptum
550 672 616 716 esse
634 651 794 732 perspicis
804 653 824 729 1,
855 649 921 714 sioe
950 649 1028 714 aliis
1057 648 1150 713 tibris
1172 649 1349 730 suscriptis,

225 739 291 803 siue
313 738 381 802 atia
403 738 528 803 ratione
550 739 763 805 intercedente
785 740 843 803 hoa
865 739 986 818 factum
1009 737 1061 802 sit.

331 826 442 890 Huius
484 826 639 893 Oronicae
672 835 801 910 partem
838 833 1010 892 entremam
1044 833 1168 891 tantum
1202 825 1278 890 inde
1313 828 1355 890 ab

226 915 372 978 Honorio
395 915 448 978 ΙΙ.
473 938 565 997 papa
594 924 624 981 et
653 919 693 982 ab
721 916 866 981 Henrico
889 917 924 980 V.
950 936 1031 997 repe,
1063 916 1129 980 IV.
1153 915 1354 998 imperatore,

188 1003 389 1084 sedictimus,
421 1025 460 1068 ex
486 1005 596 1085 priore
618 1013 716 1086 parte
740 1003 943 1087 paucissima
965 1004 1139 1085 setepimus,
1161 1003 1356 1085 praesertim

225 1095 381 1173 quaedam
404 1113 442 1156 en
463 1093 602 1158 Orontea
627 1094 760 1158 Sicardi
789 1093 1010 1158 Cremonensis
1044 1099 1073 1157 et
1095 1113 1133 1156 en
1156 1091 1273 1157 tatutis
1295 1113 1356 1154 mo-

225 1180 362 1246 nasterii
394 1182 427 1246 S.
453 1182 625 1246 Laurentii
654 1183 721 1246 siue
752 1204 790 1248 en
820 1182 961 1263 catatopo
991 1181 1138 1246 abbatum
1168 1180 1264 1245 huius
1295 1201 1356 1243 mo-

225 1269 362 1334 nasterii
378 1269 546 1351 exscripta,
557 1271 739 1352 praemisso
756 1271 907 1336 laterculo
922 1291 1031 1351 repum
1054 1276 1083 1334 et
1104 1271 1218 1334 ducum
1231 1270 1356 1350 Lampo

226 1359 399 1422 bardorum
429 1381 451 1423 a
480 1365 614 1440 tempore
644 1359 769 1430 Karoti
792 1358 914 1441 Mapni
942 1358 1138 1440 incipientes,
1169 1372 1239 1424 cum
1261 1357 1357 1439 prior

179 1469 209 1507 eo
220 1469 304 1528 pars
332 1446 487 1512 (tronione
509 1469 548 1512 cn
577 1447 671 1512 tibris
701 1448 794 1513 nobis
821 1447 957 1513 seruatis
980 1454 1125 1530 coupesta
1147 1446 1234 1511 omni
1250 1445 1356 1528 pretio

227 1542 345 1600 careat.
399 1537 455 1600 Ad
483 1557 534 1600 res
564 1537 683 1624 saecuti
710 1537 814 1602 XIV.
840 1543 996 1602 narratas
1025 1537 1126 1600 mutta
1156 1535 1281 1616 quidem
1303 1535 1357 1598 ad

226 1624 335 1689 notari
359 1623 551 1706 potuissent,
583 1629 652 1706 sed,
684 1633 721 1691 ut
750 1626 828 1691 hoec
853 1631 1088 1707 perscrutarer,
1119 1645 1184 1689 non
1206 1645 1356 1706 mapnum

226 1713 365 1778 studium
388 1735 444 1778 nec
466 1715 597 1778 multam
621 1736 752 1796 operam
776 1713 905 1795 contuli,
937 1713 1017 1778 satis
1040 1714 1169 1794 habens,
1192 1718 1228 1776 ut
1249 1733 1357 1777 oerum

226 1801 374 1883 temporis
397 1802 541 1867 ordinem
556 1824 665 1868 rerum
680 1809 896 1868 narratarum
911 1808 1079 1866 statuerem
1102 1808 1131 1866 et
1152 1802 1190 1866 in
1210 1800 1357 1882 marpine

179 1910 207 1949 uo
226 1889 446 1972 adscriberem,
471 1891 617 1972 quamuis
637 1898 667 1956 et
682 1892 754 1956 otia
770 1893 927 1972 quaedam
942 1890 1172 1955 adnotaverim.
1211 1889 1358 1952 Karalus

233 1979 352 2044 Wencto
370 1978 439 2043 iam
460 1979 498 2044 in
521 1981 704 2062 apoprapho
730 2001 787 2045 suo
806 1986 963 2044 extremae
979 1977 1090 2060 partis
1110 1977 1265 2043 Cronicae
1280 1999 1356 2041 non-

226 2068 317 2132 nutta
332 2069 551 2150 adnotaverat,
568 2090 702 2150 quonum
718 2070 879 2150 quaedam
893 2067 931 2132 in
943 2067 1086 2149 linpnom
1094 2065 1249 2130 Latinam
1263 2087 1356 2130 uersa

225 2155 354 2236 retinui,
379 2156 495 2222 titteris
511 2157 672 2239 principii
696 2157 842 2222 nominis
864 2156 932 2221 eius
947 2157 991 2220 K.
1011 2157 1066 2218 W.
1082 2153 1263 2236 adscriptis,
1287 2153 1356 2218 alia

224 2251 347 2310 mutata
369 2245 416 2308 in
438 2267 504 2311 rem
526 2268 629 2312 meam
651 2245 799 2327 conuerti,
823 2248 902 2311 bono
924 2245 1032 2324 fructu
1054 2265 1093 2308 en
1114 2243 1181 2308 iltis
1204 2249 1303 2325 capto.

175 2354 207 2393 aa
331 2333 365 2398 A
395 2354 551 2416 quoquam
581 2342 779 2416 posterorum
821 2341 984 2400 auctorum
1020 2332 1146 2398 Atberti
1184 2331 1356 2398 Oronicam

224 2421 398 2503 capitatam
425 2444 491 2487 esse
520 2445 585 2487 non
609 2423 747 2504 percepi,
784 2445 884 2504 neque
909 2421 1074 2488 Antonius
1105 2421 1245 2503 Gampo²
1270 2419 1355 2484 inter

226 2517 373 2574 auctores
388 2531 462 2576 suos
472 2512 638 2576 Atbcrtum
654 2512 907 2577 commemoravit
916 2533 1015 2593 neque
1030 2511 1099 2576 eius
1114 2510 1230 2574 tibrum
1246 2508 1356 2590 tepisse

228 2599 366 2680 uidetur,
396 2602 452 2664 sed
479 2599 591 2682 atiquo
621 2603 661 2666 ab
684 2601 741 2665 icoc
770 2602 882 2681 relata,
912 2601 1017 2665 nescio
1046 2620 1110 2681 qua
1139 2598 1280 2679 ratione,
1312 2598 1357 2663 ad

229 2687 319 2752 ittam
336 2688 519 2770 peruenisse
542 2688 622 2753 mitti
639 2710 834 2770 persuasam
856 2690 954 2754 habco
965 2690 986 2753 ³.

177 2848 209 2886 2⁶
276 2829 425 2895 Berotini
440 2831 515 2895 ad.
532 2831 591 2896 VI.
606 2831 686 2895 Kal.
700 2831 894 2895 Nouembres
909 2830 992 2894 anni
1007 2827 1209 2894 Moooac
1215 2827 1319 2892 VIII.

779 3025 815 3091 0.
847 3024 1250 3091 HOLDER-EGGER.

339 3329 365 3391 1)
388 3326 423 3378 Ut
437 3343 466 3392 p.
485 3328 566 3392 73sq.
586 3325 734 3377 Hearicum
752 3325 813 3379 VII.
832 3341 919 3390 repom
938 3342 963 3379 a.
979 3328 1056 3380 1310.
1075 3327 1105 3376 in
1123 3324 1236 3375 Italiam
1254 3323 1356 3374 enimse

231 3402 298 3447 recte
319 3398 392 3448 otuu
414 3404 438 3448 ct
462 3398 548 3449 eodem
567 3413 639 3448 anno
657 3397 719 3448 Ian.
739 3399 764 3450 6.
782 3413 870 3462 repom
888 3396 1104 3448 Lomtardorum
1121 3399 1276 3447 coronatum
1293 3407 1355 3455 csse,

231 3468 300 3533 qnod
335 3485 360 3520 a.
376 3470 452 3522 1311.
471 3467 533 3521 Ian.
547 3471 572 3522 6.
592 3470 694 3531 factum
712 3473 759 3533 est,
778 3469 824 3518 sed
836 3468 888 3520 loco
906 3470 936 3518 tn
955 3469 1081 3533 marpiuc
1093 3467 1228 3532 aderato
1246 3463 1355 3516 eundem

22 3574 27 3611 ;
97 3583 99 3587 -
182 3538 481 3596 eoo.1311.1an.6.
505 3546 662 3590 coronatum
684 3555 737 3590 esse
759 3541 876 3604 saepsit.
974 3538 1001 3606 2)
1028 3539 1170 3590 ‘Cremona
1194 3536 1356 3602 testatissima

231 3608 308 3660 citto'
327 3609 471 3672 (Cremona
493 3613 570 3665 1585.
588 3611 657 3675 fot).
742 3612 769 3673 3)
796 3610 871 3673 Quod
888 3616 919 3660 ut
940 3610 1078 3676 probetur,
1106 3608 1154 3658 hos
1179 3607 1264 3671 offan
1287 3606 1356 3656 locos

230 3679 296 3730 dicti
316 3680 397 3732 iibri:
417 3698 446 3746 p.
467 3682 516 3736 64:
542 3679 586 3732 da’
613 3679 705 3733 Guelfi
730 3723 736 3735 .
764 3727 771 3739 ,
796 3723 802 3734 .
832 3721 839 3735 .
865 3697 912 3733 era
937 3683 1008 3732 stata
1031 3677 1153 3730 rifiutato
1178 3677 1201 3728 e
1223 3674 1356 3728 scacoiatn

230 3748 364 3803 Pachetto
389 3751 532 3804 marchese
551 3750 579 3803 di
598 3749 718 3804 canossa
742 3750 873 3804 mandato
897 3751 945 3818 qui
967 3767 1019 3803 con
1037 3749 1118 3802 titolo
1136 3747 1166 3799 di
1183 3745 1286 3800 vicario
1305 3746 1356 3798 im-

229 3821 333 3890 periale
352 3847 383 3866 =
404 3824 484 3888 infra
505 3839 535 3889 p.
556 3825 599 3886 75,
625 3823 642 3876 l.
664 3825 746 3878 1-4.
775 3853 807 3861 -
834 3821 866 3878 P.
887 3825 936 3876 64:
956 3819 1038 3888 Quivi
1056 3818 1084 3871 lo
1103 3819 1270 3886 [Hearioum
1294 3817 1356 3872 VII.

183 3887 1356 4032 ⁸⁶§antenominati⁰11{1tintdtsstttttssdttttt

231 4033 313 4086 ecclei
332 4035 354 4086 a
376 4002 428 4088 coil
449 4035 532 4088 corde
550 4035 577 4086 al
595 4036 675 4102 collo,
701 4033 813 4088 arrivati
835 4003 890 4087 che,
903 4033 1002 4085 turono
1022 4032 1047 4084 al
1066 4035 1190 4101 cospetto
1215 4029 1279 4084 dell’
1304 4029 1355 4082 im·

230 4107 366 4174 peratore,
391 4109 470 4174 poste
497 4106 524 4158 le
542 4105 688 4175 ginocchia
706 4109 723 4158 ὲ
741 4110 823 4171 terra,
849 4102 984 4173 gridando
1003 4103 1038 4156 ad
1057 4103 1113 4156 alta
1130 4119 1198 4156 voce
1216 4101 1264 4170 pi1'1
1283 4101 1356 4153 volte

231 4174 426 4244 misericordia,
447 4193 504 4230 non
517 4193 663 4230 cessavano
682 4193 734 4230 oon
746 4176 863 4244 lagrime
881 4192 896 4228 e
914 4191 966 4228 con
984 4175 1099 4228 lamenti
1119 4214 1232 4230 .....
1251 4171 1355 4240 Arrigo

181 4265 213 4303 4ο
232 4289 344 4302 .....
364 4247 527 4316 rivolgendo
552 4247 593 4316 gli
618 4247 697 4302 occhi
722 4247 827 4300 ultrave
850 4263 900 4314 per
917 4262 974 4298 non
992 4244 1124 4314 vedergli,
1149 4241 1283 4296 comendo
1302 4258 1356 4294 con

229 4333 298 4370 voco
316 4319 397 4386 piena
416 4317 445 4371 di
462 4318 573 4384 ferocia,
600 4319 650 4372 che
676 4319 779 4372 foenera
803 4317 869 4369 tutti
886 4317 959 4384 posti
977 4317 1020 4383 pri
1042 4316 1095 4368 'oni
1115 4341 1146 4358 =
1166 4314 1248 4376 infra
1261 4329 1291 4378 p.
1311 4315 1355 4377 75,

230 4389 246 4442 t.
266 4391 374 4455 ui-p.
395 4392 438 4453 76,
466 4391 483 4444 t.
502 4391 529 4443 8.
553 4419 589 4428 -
612 4390 644 4445 P.
664 4393 699 4446 66
711 4406 766 4457 oa:
785 4391 863 4444 1317.
892 4387 951 4439 Alli
968 4386 1024 4440 XV
1044 4431 1048 4440 .
1069 4385 1098 4438 di
1119 4383 1235 4452 Maggio
1253 4383 1275 4435 si
1293 4383 1355 4435 levo

229 4463 303 4512 tutta
321 4459 348 4511 la
367 4458 433 4512 sitta
458 4459 485 4512 in
508 4475 584 4511 armo
608 4477 659 4528 per
683 4476 768 4528 opera
792 4457 820 4510 di
846 4456 967 4525 Giaaopo
993 4459 1017 4512 tc
1042 4456 1070 4508 di
1095 4454 1178 4524 Luigi
1198 4452 1355 4506 Gavalcabo

1127 4543 1159 4596 Π
