3232 5028
684 453 915 510 PRAEFATIO.
1305 457 1381 512 XIII

400 635 522 700 aaa.
540 656 576 716 p.
593 641 646 698 πο.
946 637 1055 702 aaa
1079 637 1183 719 vm,
1210 645 1283 704 126.

259 744 356 808 sium.
375 743 419 806 at
431 742 588 807 homine
598 743 791 807 dialeterre
847 747 1036 822 morantem
1068 748 1104 809 el
1130 765 1208 808 oum
1232 745 1318 809 nihil
1344 767 1380 811 se

259 875 333 894 ...
363 833 455 915 ipsas
485 834 607 914 gentes
637 851 791 916 suseepe·
845 832 1011 916 prolicere
1023 834 1270 917 conspicerent,
1287 835 1325 898 in
1337 836 1379 900 oi-

258 924 340 984 runl
355 966 364 982 .
382 967 390 982 .
408 967 416 982 .
433 923 470 984 el
487 919 538 984 ibi
557 920 650 985 dicte
669 923 791 1003 gentes
845 921 990 986 mlalem
1014 921 1280 987 Cremonensem
1306 945 1378 1007 pro·

226 1033 239 1073 s
257 1029 315 1074 sex
327 1009 449 1074 diebus
469 1029 599 1072 moram
619 1009 789 1073 fecerunt.
844 1009 931 1074 fecti
946 1013 1028 1073 sunl
1052 1057 1138 1073 ....
1162 1011 1278 1076 Isdem
1297 1033 1379 1096 ergo

256 1097 392 1163 Deinde
411 1097 486 1162 sine
501 1097 576 1161 ulla
591 1097 790 1182 expulsione
847 1098 1033 1163 Brixiensis
1067 1099 1227 1182 praesull
1260 1101 1377 1166 deoem

256 1190 292 1252 et
325 1187 412 1272 fuga
445 1187 626 1251 redierunt
656 1185 790 1251 Cremo·
845 1186 957 1250 millia
991 1187 1156 1251 librarum
1195 1187 1379 1254 Brixiensis

255 1296 336 1340 nam
360 1323 369 1338 .
393 1322 435 1338 ..
482 1274 559 1354 Quo
588 1275 684 1340 laeto
715 1295 790 1339 oon·
846 1279 1005 1340 monetae
1040 1277 1084 1340 ab
1123 1277 1379 1343 habilatoribus

257 1365 436 1449 dampnati
467 1364 613 1428 fuerunt
644 1383 790 1428 comune
846 1362 958 1448 Gaydi
981 1365 1107 1450 exegit.

212 1477 239 1516 1⁰
257 1456 293 1518 et
314 1453 424 1536 ipsius
435 1450 535 1518 'terre
552 1451 665 1536 Gaydi
684 1453 791 1516 homi-

256 1563 317 1606 nes
340 1543 378 1605 in
402 1543 435 1606 X
458 1541 600 1606 milibus
623 1541 790 1606 librarum

257 1630 346 1696 bone
365 1633 502 1696 monete
519 1630 706 1695 Brixieneis
729 1650 791 1713 per

256 1719 447 1784 dominium
500 1720 593 1783 dicte
640 1719 790 1783 civitatis

256 1808 382 1872 Brixie.
816 1803 819 1890 l

214 1913 328 1984 1sHoo
351 1913 416 1979 loco
438 1913 475 1978 in
496 1912 540 1978 lis
562 1932 644 1994 quoe
666 1933 767 1994 supra
789 1912 953 1978 omisimus
976 1915 1113 1980 Iacobus
1135 1915 1264 1981 scribit:
1288 1917 1377 1982 Nam

257 2003 378 2068 diebus
413 2002 482 2066 illis
517 2003 675 2068 civilates
716 2002 944 2068 Lombardiae
987 2003 1191 2069 Guelforum
1234 2006 1376 2070 arbitrio

255 2093 466 2175 regebantur
496 2097 634 2176 praeter
667 2111 769 2174 quam
795 2091 932 2156 Verona
966 2095 1001 2156 et
1034 2093 1191 2158 Mantua.
1244 2093 1291 2158 Et
1321 2093 1377 2159 Al-

256 2180 360 2244 berlas
376 2202 412 2262 p.
430 2184 483 2243 67.
507 2181 552 2245 od
573 2202 604 2244 a.
624 2185 718 2260 1298,
748 2179 804 2244 ubi
832 2199 884 2244 res
909 2179 1101 2246 Brioieases
1123 2203 1145 2245 a
1168 2182 1284 2248 Iacobo
1305 2204 1377 2265 quo

255 2288 314 2349 que
336 2270 456 2335 relatos
478 2268 597 2333 tradit:
626 2269 716 2332 Nam
744 2271 826 2334 ante
850 2269 1037 2334 adventum
1062 2272 1147 2335 dicti
1170 2272 1376 2355 inperatoris

212 2387 238 2426 ro
257 2352 413 2433 (Heariei
435 2357 535 2440 VII.)
559 2378 677 2422 omnes
696 2358 854 2422 civilales
876 2358 1082 2424 Lombardie
1105 2361 1142 2422 in
1159 2360 1318 2424 manibus
1341 2365 1377 2426 el

255 2446 365 2512 forcia
380 2451 480 2512 eran‘o
496 2452 532 2512 et
548 2447 608 2511 diu
624 2449 795 2512 steterant
810 2447 919 2531 partis
935 2447 1061 2512 Guelfe
1077 2451 1192 2532 preter
1204 2449 1376 2514 Veronam

256 2539 292 2600 et
314 2537 495 2600 Mantuam
506 2538 527 2598 ².

398 2642 519 2708 Albert.
538 2663 573 2723 p.
591 2647 644 2705 84.
972 2642 1081 2707 Iacob.
1097 2642 1166 2722 IX,
1191 2648 1243 2707 29.

300 2750 341 2812 A.
376 2771 457 2815 vero
490 2750 534 2813 D.
565 2748 788 2813 MOCGXVI.
888 2749 932 2812 ad
962 2749 1113 2832 plateam
1142 2751 1263 2834 populi
1290 2771 1377 2815 eom-

211 2865 264 2904 as·
290 2883 298 2900 .
324 2889 330 2900 .
366 2842 402 2904 et
430 2838 546 2903 Guelfi
577 2885 584 2899 .
610 2885 618 2898 .
643 2889 650 2902 .
680 2857 789 2901 uoces·
843 2837 1377 2921 missumeslproelium3etlam·

256 2930 375 2990 serunt
412 2927 558 2992 viriliter
596 2927 641 2990 ad
678 2926 789 3010 ipsam
814 2953 817 3002 l
844 2926 922 2990 dem
960 2923 1075 2990 Guelfi
1109 2927 1146 2989 in
1183 2925 1376 2992 Gibellinos

255 3014 407 3098 plateam
442 3013 649 3098 (communis)
681 3061 688 3076 .
721 3062 728 3076 .
762 3035 787 3096 .;
842 3014 1008 3078 atrociter
1040 3015 1211 3080 irruentes
1241 3037 1298 3080 eos
1333 3018 1376 3082 de

255 3103 299 3166 ad
333 3105 515 3169 inlroilum
546 3104 638 3168 dicte
673 3104 789 3189 platee
843 3103 984 3168 civitate
1022 3103 1226 3188 repulerunt
1264 3127 1294 3168 a.
1333 3105 1374 3168 D.

255 3193 408 3258 conflicti
431 3194 575 3257 fuerunt
598 3193 684 3258 dicti
708 3192 788 3257 Gui·
842 3191 1066 3257 MOOOXVI.
1101 3193 1207 3258 Porro
1242 3194 1376 3278 expulsi

212 3279 363 3347 robolini
390 3286 426 3346 et
449 3282 583 3367 expulsi
606 3283 649 3346 de
672 3282 789 3366 plalea
843 3281 933 3345 cives
949 3283 994 3344 ad
1010 3282 1155 3346 castella
1169 3283 1261 3360 Ysei,
1279 3281 1375 3346 Pala-

255 3372 291 3432 et
337 3372 379 3434 de
425 3371 583 3455 partibus
629 3371 788 3435 omnibus
842 3369 1375 3452 zoli‚deOIa1is,Pompiani,de

256 3457 348 3522 dicte
383 3459 535 3523 civitatis
574 3463 610 3524 el
646 3460 787 3523 reduxe·
842 3457 978 3536 Uroeis,
1010 3458 1194 3538 Quinam,
1225 3457 1375 3538 Pontolii,

254 3550 338 3610 runt
367 3569 404 3612 se
434 3549 479 3611 ad
507 3552 619 3612 terras
649 3552 685 3612 et
711 3547 788 3611 loca
842 3547 1131 3625 Rooohefraneaa
1151 3547 1249 3626 Leni,
1268 3547 1376 3612 Oalvi-

254 3633 354 3712 Ysei,
385 3635 564 3713 Palaaolli,
597 3635 786 3712 Olaurum,
842 3635 927 3713 sani,
958 3634 1116 3717 Radani,
1149 3634 1292 3716 Oiaapli,
1325 3634 1376 3700 Vi·

211 3748 238 3789 se
254 3723 527 3802 Baelo-france,
547 3725 734 3790 Uroearum
752 3729 788 3789 et
841 3723 925 3805 soni,
962 3721 1092 3803 Oooedi,
1124 3722 1280 3804 Ualrs'am',
1316 3722 1376 3788 Go-

255 3809 426 3890 Quinzani
456 3817 492 3878 el
521 3814 566 3877 ad
595 3817 705 3878 terras
732 3814 788 3878 ab·
842 3811 975 3894 toleapi,
1006 3810 1146 3892 Paeoni,
1183 3811 1375 3893 Gamborae,

255 3899 349 3966 batie
372 3901 460 3967 Leni
483 3906 519 3966 et
543 3901 727 3966 Calvisani.
842 3898 1079 3964 Proclama&
1104 3899 1224 3965 etalio
1246 3900 1376 3966 οἰνοηθη-

842 3988 907 4053 sita
929 3987 998 4052 loca
1021 4009 1057 4052 se
1085 3990 1320 4055 contulerunt.

327 4145 353 4210 1)
369 4145 512 4198 Berardus
523 4147 660 4212 eps'wopus
670 4145 826 4197 Bracaros
837 4148 900 4194 tuno
917 4148 976 4194 erat
987 4143 1112 4196 domim
1122 4146 1240 4196 civitatis
1248 4144 1372 4210 Brixiae,

210 4228 238 4266 so
254 4220 284 4265 ut
296 4220 319 4266 st
330 4215 456 4268 Alhemoe
474 4221 497 4267 et
514 4216 629 4268 Iacobus
645 4217 767 4270 tradunt.
840 4213 870 4282 2)
887 4211 990 4265 Eadem
1001 4217 1095 4280 repetit
1110 4232 1137 4282 p.
1151 4217 1193 4269 74.
1266 4214 1295 4278 3)
1310 4213 1377 4264 Sua·

250 4284 1036 4352 plorawaoalhertonondatoabipsolaaoo
1062 4287 1297 4349 odinomtooese,
1330 4285 1379 4350 qui

254 4358 345 4408 mmuh
362 4358 421 4421 fers
438 4361 528 4410 saara
547 4359 683 4409 territorii
700 4357 856 4409 Brixiam&
872 4371 965 4408 maus
985 4354 1077 4407 Oleum
1093 4357 1206 4421 fluvium
1223 4357 1278 4406 eila
1296 4355 1375 4406 addi·
