3232 5028
432 436 1048 534 cucuronnusnnmunaumme.
1263 485 1297 538 rr

178 656 283 710 electus
294 653 345 708 sub
357 651 533 708 contentione
545 650 680 706 Teobaldi
691 652 838 720 presbiteri
850 652 1004 723 cardinalis,
1019 653 1161 710 humiliter
1171 659 1297 711 mantum
1306 668 1348 709 su.

178 725 313 795 deposuit.
351 721 568 778 (lardinales
595 721 720 776 videntes
747 723 932 778 humilitatem
961 725 1046 794 ipsius
1076 726 1241 781 unanimiter
1271 729 1297 782 ei

178 796 364 852 obedientiam
389 793 575 862 prestiterunt.
683 792 740 846 Hic
768 793 911 848 deinde
937 794 1063 849 desendit
1086 796 1115 850 in
1139 796 1244 866 Apulia
1267 799 1434 860 inclamosa.

178 868 353 922 civitate
371 865 480 932 Aquilo
506 864 688 919 eburonibus
706 867 827 932 vocatus,
852 869 884 918 nt
901 881 963 918 eam
980 866 1207 936 civitatem,
1232 869 1297 937 quia

146 938 245 991 oiuris
263 935 337 992 beati
353 933 431 989 Petri
449 938 498 1002 est,
515 937 640 988 tueretur
658 951 674 987 a
692 935 792 989 comite
809 933 931 1006 Rogerio
949 935 1059 1005 Syculo,
1085 941 1126 992 set
1144 955 1207 992 cum
1224 956 1297 1008 papa

177 1008 289 1062 vidisset
323 1005 527 1060 infidellitetem
553 1005 698 1071 baronum,
728 1005 828 1058 saniori
859 1007 988 1060 conscilio
1018 1007 1114 1062 habito
1144 1007 1297 1078 Rogerium

177 1078 302 1148 accepit
328 1077 357 1130 in
384 1075 503 1146 gratiam
531 1079 560 1130 et
583 1075 658 1130 facto
683 1075 812 1146 homagio
831 1081 859 1130 et
876 1075 1010 1131 fidelitate
1027 1076 1137 1132 firmata
1153 1080 1243 1148 ipsum
1262 1080 1296 1134 de

176 1149 279 1203 ducatu
296 1147 400 1216 Apulia
417 1146 564 1203 investivit.
669 1145 755 1200 Iste
772 1163 871 1228 papa
887 1163 939 1216 per
957 1145 1093 1274 Poetrum]
1112 1150 1296 1218 presbiterum
1305 1166 1347 1208 su.

177 1219 344 1274 cardinalem
362 1217 540 1287 patriarchas,
568 1215 606 1270 id
629 1219 687 1270 est
705 1215 915 1286 Aqmligensam
942 1222 970 1272 et
1016 1222 1135 1291 enatum,
1162 1221 1295 1290 deposuit.

132 1303 159 1343 ro
176 1290 260 1346 Iste
286 1305 360 1358 papa
387 1288 511 1342 ducem
538 1286 733 1341 Frederioum
761 1291 789 1341 ct
815 1286 989 1342 Conradum
1016 1288 1155 1358 fratres,
1182 1297 1441 1362 nepoteseoruues.

177 1361 293 1416 Henrici
323 1359 487 1428 inperatoris
523 1357 658 1426 quarti
691 1359 852 1427 mortui,
883 1360 1115 1429 excomunicavit,
1147 1379 1217 1432 pro
1254 1381 1296 1418 eo

176 1431 278 1501 qnod
308 1434 405 1484 contra
429 1429 605 1483 Lotharium
632 1429 897 1497 inperatorem,
922 1447 1170 1486 successorem
1197 1433 1295 1488 Hen-

176 1503 247 1556 rici
266 1501 401 1570 quarti,
427 1500 648 1554 rebellaverunt.
756 1498 834 1552 Iste
851 1517 936 1554 vero
954 1517 1046 1570 papa
1063 1501 1153 1557 Rome
1172 1507 1433 1570 mortuusnrartcpp.

178 1577 232 1627 est
250 1577 278 1626 et
296 1572 326 1624 in
344 1571 459 1626 ecclesia
476 1569 677 1624 Lateranemiss
692 1573 734 1623 est
752 1570 881 1638 sepultus.

131 1673 158 1714 rs
283 1657 388 1714 nnnob
417 1657 529 1712 Domini
557 1655 803 1713 M⁰OXXVIIII0r
836 1656 969 1712 Orbsrtus
998 1659 1187 1728 pradictus
1218 1651 1346 1721 XV.se.

177 1733 340 1802 episcopuse
358 1726 596 1784 cremonensisd
612 1744 710 1796 corpus
728 1727 830 1782 beati
851 1727 956 1782 Ymerii
975 1729 1140 1800 episcopi
1158 1735 1193 1786 et
1211 1749 1295 1788 cou-

177 1820 191 1874 f
196 1820 345 1888 essoris,
364 1816 438 1886 quod
456 1816 504 1869 diu
522 1815 649 1883 latuerat,
666 1815 696 1868 in
710 1815 817 1869 scrineo
832 1814 935 1869 ferrato
951 1817 1105 1872 recondidit
1121 1808 1159 1870 in
1174 1809 1296 1874 maiori

177 1897 323 1962 ecclesia
346 1893 603 1958 cremonensis

284 1975 400 2046 Annos
426 1987 466 2044 ab
508 1987 726 2044 incarnatione
763 1987 890 2044 Domini
928 1981 1102 2048 M⁰O⁰VHL
1156 1996 1295 2052 Heminae
1304 1980 1427 2073 ξζῇξῆξ·

131 2078 159 2118 ao
177 2070 290 2137 quartus
323 2067 471 2134 inperator,
502 2063 609 2117 ratione
644 2067 772 2117 autem
805 2063 919 2134 regni
946 2065 1071 2134 quintus,
1101 2072 1192 2136 post
1221 2063 1432 2136 mor-miramus.

176 2140 252 2192 t'em
278 2135 444 2206 patrissui
471 2133 587 2188 Henrici
613 2134 736 2188 tercii
760 2134 1011 2202 inperatoris
1035 2138 1214 2208 suscepit
1238 2139 1374 2193 imese.

176 2209 344 2278 perium,
371 2205 536 2261 sedente
560 2205 598 2258 in
622 2208 768 2274 papatu
792 2204 980 2259 Paschali
1003 2223 1103 2276 papa
1121 2210 1295 2279 secundo,

177 2279 239 2348 qui
266 2277 403 2347 inperavit
430 2277 507 2329 annis
531 2275 596 2344 XV3
623 2276 710 2329 tercio
738 2279 856 2330 autem
883 2293 955 2329 anno
985 2282 1048 2346 post
1072 2278 1180 2333 obitum
1209 2283 1441 2350 patrisso-auat·

177 2349 297 2404 mirabili
316 2349 432 2402 collecto
457 2346 580 2400 exercitu
603 2363 654 2414 per
678 2350 802 2399 montem
828 2345 903 2400 Iovis
929 2349 1027 2401 transit
1048 2347 1211 2420 Pyrenenm,
1238 2351 1295 2407 Ro-

132 2431 159 2472 ae
175 2438 250 2474 mam
276 2418 457 2488 proficiscens.
501 2416 625 2484 Cumque
652 2433 734 2485 supra
759 2415 868 2469 Padum
893 2421 1123 2472 castrametatus&
1146 2421 1291 2490 fuisset,

178 2491 328 2560 precepit
355 2489 506 2542 exercitum
532 2487 677 2542 recenseri.
713 2485 831 2540 Inventa
849 2491 913 2540 sunt
930 2487 1015 2542 XXX
1033 2488 1066 2542 M
1083 2491 1222 2560 millitum,
1250 2510 1296 2548 ex·

177 2562 264 2630 ceptis
282 2561 417 2626 omnibus,
436 2559 483 2626 qni
502 2557 536 2611 ed
555 2574 619 2610 eum
637 2557 672 2610 de
687 2556 770 2610 Italia
788 2557 986 2614 confluxerunt.
1017 2558 1088 2616 Inde
1106 2579 1156 2630 per
1173 2567 1296 2618 montem
1336 2594 1338 2598 ·

177 2631 356 2701 Appeninum
380 2629 515 2682 transiens
538 2628 659 2696 burgum
676 2627 909 2681 Pontis-tremuli
926 2630 1033 2683 turibus
1062 2635 1088 2684 et
1113 2633 1198 2686 muris
1216 2634 1296 2688 valde

176 2703 323 2770 munitum,
342 2700 390 2769 qni
407 2699 553 2752 transitum
571 2698 704 2752 exercitui
720 2697 867 2766 prohibere
885 2699 1038 2770 temptavit,
1062 2703 1193 2770 expavith
1213 2708 1296 2773 atque

132 2784 159 2824 so
177 2773 319 2828 destruxit.
357 2770 463 2824 Deinde
489 2787 540 2838 per
558 2767 686 2822 Tusciam
713 2767 865 2836 procedens
893 2786 979 2836 usque
1006 2770 1048 2823 ad
1072 2771 1202 2826 Aretium
1229 2775 1295 2828 civi-

97 2892 99 2895 .
176 2847 264 2898 tatem
281 2843 369 2911 ipsam
388 2841 530 2908 destruxit,
548 2857 600 2908 pro
618 2855 652 2892 eo
677 2838 752 2906 quod
770 2838 842 2892 cives
860 2838 901 2892 illi
919 2840 1063 2894 ecelesiam
1081 2843 1167 2896 sancti
1184 2842 1295 2912 Donati,

177 2915 206 2968 id
225 2918 266 2968 cst
284 2913 462 2982 episcopium,
481 2911 554 2978 quod
573 2913 614 2963 est
632 2913 710 2963 extra
728 2909 874 2979 civitatem,
900 2909 1102 2980 destruxerant,
1127 2913 1221 2968 sedem
1239 2915 1295 2983 epi·
1367 2953 1369 2958 ,

177 2985 317 3054 scopalem
335 2983 408 3036 inira
431 2981 524 3035 menia
548 2979 666 3034 civitatis
683 2996 787 3048 ponere
805 2979 986 3036 intendentes.
1023 2980 1086 3036 Hiis
1113 2983 1152 3036 ita
1178 2986 1296 3053 peractis

176 3055 296 3109 Romam
314 3052 440 3123 pervenit
458 3056 486 3105 et
503 3053 532 3104 in
543 3051 674 3121 gradibus
686 3050 761 3104 beati
774 3049 852 3104 Petri
869 3052 1033 3120 apostoli
1052 3069 1069 3106 a
1085 3071 1158 3123 papa
1169 3053 1296 3110 Paschuli

131 3135 158 3178 ao
177 3127 335 3194 conctisque
362 3122 544 3178 cardinalibus
572 3125 600 3175 et
626 3139 642 3175 a
668 3122 772 3190 populo
789 3120 916 3175 Romano
944 3139 1008 3176 cum
1035 3125 1162 3180 omuibus
1187 3127 1216 3180 in
1233 3145 1296 3196 pro-

177 3197 307 3265 cessione,
335 3212 399 3250 cum
423 3193 545 3262 tripudio
568 3196 597 3246 et
620 3191 721 3262 gaudio
746 3208 847 3262 magno
872 3197 1013 3261 susceptus
1036 3198 1084 3250 est.
1120 3195 1186 3264 lpse
1204 3202 1296 3253 autem

176 3262 1296 3406 ttpttrifflsslttmtttltltllltld,ztlllttdlntlffidtll

177 3409 258 3464 misit.
296 3407 374 3460 Tunc
401 3411 463 3460 orto
490 3421 526 3458 ex
551 3402 679 3472 proviani
704 3404 826 3456 tumultu
844 3407 988 3458 stomata
1007 3406 1120 3462 ecclesie
1138 3410 1296 3478 conctisque

130 3489 159 3529 40
176 3480 260 3533 rebus
287 3479 448 3532 clericorum
476 3475 577 3528 invasis
604 3477 684 3542 atquc
713 3474 856 3542 distractis,
884 3476 930 3542 qui
953 3479 1136 3545 expectabant
1154 3479 1295 3548 gaudium,

176 3551 283 3603 luctum
307 3545 483 3615 incurruntk3
509 3549 537 3600 et
561 3545 590 3597 in
608 3544 722 3597 vinculis
747 3544 854 3598 duobus
875 3547 1014 3600 mensibus
1033 3552 1061 3602 ct
1078 3549 1150 3602 ultra
1168 3549 1294 3618 detinuit,
1304 3569 1346 3610 aa.

178 3637 210 3674 eo
229 3619 303 3688 quod
321 3622 428 3687 patrem
447 3617 625 3686 prohibuerat
643 3615 789 3684 seppelliri,
818 3615 857 3668 ita
884 3617 959 3684 quod
985 3635 1037 3686 por
1063 3620 1182 3688 quinque
1210 3637 1294 3674 annos

176 3692 261 3745 iacuit
279 3691 308 3743 in
327 3689 438 3756 feretro,
458 3691 485 3741 et
503 3687 567 3756 quia
584 3685 709 3738 nodabat
728 3701 792 3739 eum
816 3702 983 3754 consecrare,
1007 3688 1060 3741 nisi
1077 3689 1231 3744 iuramento
1249 3690 1335 3758 tir-rs.
1346 3710 1401 3751 ιω,

177 3765 274 3829 maret,
301 3759 376 3828 qnod
394 3759 429 3814 de
447 3755 614 3812 investituris
632 3756 816 3824 ecclesiarum,
844 3757 1035 3826 episcoporum
1054 3763 1083 3812 et
1101 3760 1240 3828 abbatum,
1266 3779 1295 3816 se

131 3858 159 3898 so
178 3850 291 3904 ulterius
315 3865 372 3901 non
393 3846 585 3912 intromitorct,
612 3835 647 3896 eit
670 3831 762 3910 allia,
788 3835 891 3917 prout
913 3833 951 3896 in
973 3834 1094 3898 istoria
1116 3835 1294 3903 Paschalis

178 3946 265 4010 pape
290 3926 418 4008 scripta
441 3925 531 3986 sunit.
569 3932 646 4000 Papa
664 3930 822 4000 aliquandiu
839 3935 920 4000 capto
946 3935 975 3986 et
992 3933 1104 3989 detento
1121 3935 1262 4006 inperator
1280 3955 1354 3997 acor.
1365 3955 1443 4006 nam

284 4185 306 4234 a)
320 4183 419 4224 Laterani
434 4195 452 4222 c.
522 4183 546 4229 b)
566 4179 673 4230 emedio
686 4197 713 4209 ·-
727 4179 822 4238 ecelesia
834 4175 932 4221 &amon
950 4180 995 4220 auo
1009 4185 1128 4223 utrumme
1142 4184 1169 4224 ab
1182 4185 1233 4224 Alo.
1243 4189 1296 4232 poet

178 4239 284 4286 supplere.
340 4238 360 4286 c)
375 4237 415 4286 eps
429 4237 452 4274 tn
466 4236 511 4274 loco
524 4244 583 4274 roae.
640 4231 662 4282 d)
677 4241 769 4270 cremon
781 4242 800 4274 a.
845 4230 866 4281 e)
880 4233 972 4272 cremoir
985 4245 1003 4274 c.
1019 4257 1044 4266 -
1059 4236 1111 4276 Octo
1124 4247 1198 4276 cereus
1211 4238 1296 4276 circiter

173 4295 226 4339 poet
239 4291 290 4330 baec
303 4293 387 4329 ccccm.
451 4289 468 4338 r)
490 4288 563 4326 lutera
575 4283 668 4324 initialis
681 4283 702 4323 A
715 4284 783 4323 mtnto
792 4284 904 4333 placenda
917 4285 981 4326 duat.
1046 4289 1068 4341 g)
1089 4294 1260 4329 castrametatus
1275 4301 1294 4330 c.

132 4341 160 4382 50
177 4344 202 4396 h)
220 4343 360 4394 expugnavit
373 4342 454 4389 Gottsr.
509 4341 526 4389 ί)
539 4338 661 4388 improviso
675 4336 757 4384 Gottfr.
807 4336 831 4388 k)
844 4347 886 4386 rep.
903 4336 963 4377 Occu
976 4339 1037 4384 delet.
1053 4353 1071 4381 c.
1086 4342 1188 4381 Alterius
1201 4341 1295 4382 Occasio

177 4396 270 4435 eorttare
283 4397 350 4434 voluta
363 4399 481 4444 remeantem
494 4395 564 4432 locum
578 4390 658 4438 Gottft.
671 4389 826 4440 exempturus,
847 4390 885 4428 eea
897 4391 987 4431 coemto
1001 4397 1083 4434 mutare
1097 4395 1126 4434 aa
1139 4394 1225 4433 sicardi
1239 4395 1295 4434 rata·

178 4449 414 4490 connumeremur.

232 4535 329 4576 Croulca
342 4535 431 4574 Albertl
445 4531 473 4574 de
486 4531 589 4574 Batanis.
1065 4519 1083 4572 2
