3232 5028
322 452 356 508 18
570 445 737 504 GRONIOA
755 445 927 502 ALBDRTI
945 447 995 502 Du
1014 445 1185 504 BEZANIS.

263 641 313 680 eoa
323 625 427 680 civibus
441 627 586 680 revocatur
597 628 626 678 et
637 623 828 694 episcoporum
840 623 1024 690 investituras,
1041 623 1071 676 id
1083 627 1124 678 est
1136 623 1249 678 anulum
1261 626 1290 677 et
1300 623 1439 691 baoulum,

323 713 340 749 a
365 712 438 765 papa
464 695 599 764 recipiens
625 695 715 764 ipsum
741 712 842 764 papam
869 697 898 748 et
916 694 988 747 aives
1006 691 1146 748 Romanos
1164 693 1324 748 muneribus
1341 711 1438 748 raoun·

269 765 416 823 aeritimi
440 765 578 825 eurania,
691 765 775 820 Anno
800 764 913 820 Domini
931 763 1051 818 M⁰0⁰x⁰
1075 764 1128 818 luit
1152 765 1257 818 bellum
1282 765 1354 818 inter
1378 764 1439 818 Me·

322 835 491 890 diotanenses
519 840 548 890 et
574 835 771 890 Cremonenses
798 835 872 905 apud
900 834 1105 889 Brixianorium
1123 834 1351 890 Cremonensibus
1377 852 1439 904 per-

321 907 459 963 uitiosum.
505 905 613 960 Eodem
640 923 712 962 anno
740 905 835 960 oivibs
861 903 1031 960 Laudansisb
1055 906 1194 960 destructa
1220 909 1261 959 ast
1288 922 1305 960 a
1331 904 1473 960 Medio-e

180 977 484 1041 elaeatalanensibus.
593 977 711 1030 Demum
729 975 953 1032 reounoiliatione
977 976 1051 1030 faeta
1076 980 1222 1030 coronatus
1248 978 1290 1030 est
1314 993 1385 1030 anno
1405 977 1439 1030 ab

322 1048 510 1102 incarnatione
522 1046 633 1100 Domini
645 1046 753 1115 MOXI,
771 1063 843 1100 auno
861 1064 927 1102 vero
945 1047 1025 1117 regni
1044 1047 1109 1112 eius,
1128 1063 1163 1102 ex
1177 1063 1232 1115 quo
1244 1049 1324 1116 pater
1335 1047 1440 1116 regalia

240 1133 269 1172 u.
279 1132 313 1172 so.
323 1119 375 1174 sibi
386 1119 580 1187 resignaverat,
592 1120 678 1172 sexto.
768 1116 841 1171 Dum
860 1121 978 1172 autem
990 1116 1127 1170 Hanrious
1145 1117 1339 1186 inperator
1351 1121 1441 1187 gestat

323 1190 352 1244 in
377 1189 455 1244 Urbe
478 1205 618 1256 eoronam,
645 1187 728 1242 audet
755 1187 922 1242 Guisoardus
949 1187 1134 1242 Robertns
1160 1188 1263 1256 partim
1289 1189 1441 1243 conburere

322 1259 441 1314 Romam
467 1263 501 1312 et
525 1257 723 1312 Lateranemic
746 1262 827 1328 porta
855 1261 967 1326 perusta
990 1258 1134 1312 transivit
1161 1259 1196 1312 ad
1223 1258 1348 1328 Danaos3
1377 1275 1441 1312 rex
1460 1273 1489 1312 ro

323 1335 441 1384 autem
459 1327 649 1384 Danorumd
665 1347 740 1383 oum
759 1329 886 1382 anxilio
906 1328 1075 1383 Grecorum
1100 1329 1235 1384 resistit
1254 1328 1440 1384 Guisoardo

323 1401 407 1454 duci
434 1399 609 1456 viriliter.
646 1399 725 1454 Iste
755 1403 872 1454 autem
903 1399 959 1452 dux
987 1417 1093 1468 pauper
1119 1404 1179 1454 erat
1204 1399 1233 1454 in
1260 1401 1351 1466 rebus,
1381 1403 1440 1453 set

324 1474 402 1525 erat
420 1471 496 1524 dives
513 1471 667 1539 probitate3
693 1471 753 1538 qui
771 1487 836 1539 pre
852 1474 1076 1539 paupertate
1094 1470 1184 1524 fieri
1202 1469 1297 1524 feeit
1313 1487 1441 1524 nummos

324 1558 359 1596 ex
383 1542 467 1609 oorio,
494 1541 553 1609 qui
579 1541 844 1610 expendebantur
874 1542 909 1594 in
940 1558 1001 1596 suo
1032 1542 1209 1596 exercitu.
1247 1540 1309 1594 Set
1328 1539 1441 1594 deviatis

323 1611 425 1666 Danais
452 1615 597 1680 argentum
627 1629 678 1681 pro
715 1612 832 1666 denariis
862 1611 972 1666 coriatis
1002 1611 1144 1665 millitibus
1174 1611 1260 1681 gratis
1290 1611 1339 1664 dat
1367 1611 1440 1666 satis.
1462 1623 1489 1666 1⁶

324 1681 462 1736 Robertus
474 1681 624 1736 Visoardus
642 1681 725 1736 obiit
742 1683 855 1736 tandem
874 1683 932 1736 sine
949 1683 1036 1751 prole,
1055 1686 1087 1736 et
1098 1681 1234 1752 Rogerius
1251 1699 1397 1752 germanus
1416 1681 1441 1734 ei

182 1752 446 1814 uaraoppeuooedit
469 1753 583 1807 honore.
619 1751 691 1806 Ille
715 1751 854 1807 Robertus
871 1752 938 1806 vicit
955 1751 1086 1806 Alexium
1114 1756 1143 1806 et
1161 1752 1352 1820 Cyminianum
1371 1751 1441 1805 Gon-

324 1823 581 1892 stantinopolitanos
610 1823 787 1892 inparatoros.
835 1823 893 1877 Iste
930 1826 1048 1877 autem
1078 1822 1217 1877 Robertus
1246 1823 1300 1876 fuit
1329 1822 1441 1891 quidam

324 1893 504 1962 Franoigena,
530 1894 576 1962 qui
593 1895 670 1948 venit
687 1893 806 1948 Romam
825 1910 888 1947 oum
906 1911 1006 1976 magno
1026 1894 1149 1947 exercitu
1166 1894 1269 1962 volens,
1295 1893 1318 1945 ri
1341 1896 1441 1961 posset,

324 1964 430 2020 Urbem
457 1981 524 2018 oeou
545 1981 599 2032 are,
627 1969 668 2018 set
695 1964 781 2018 inde
799 1965 924 2033 repulsus
950 1965 1063 2018 miravit
1089 1981 1205 2034 regnum
1224 1963 1380 2018 Soieilie
1408 1968 1442 2018 et
1461 1978 1490 2017 ao

183 2034 438 2104 osanamApulie,
466 1982 543 2103 quoi
563 2039 597 2090 et
622 2035 696 2104 oepit
713 2035 854 2104 paulatim.
891 2033 1026 2104 Rogerius
1044 2051 1130 2088 vero
1154 2051 1301 2105 germanus
1318 2033 1442 2088 Roberti

183 2109 385 2168 irrumperet
403 2106 438 2160 da
455 2122 533 2158 more
556 2122 687 2175 paganus,
718 2105 753 2158 de
782 2104 904 2175 Rogario
935 2106 1068 2158 comite
1098 2109 1251 2175 generatus,
1282 2108 1316 2159 et
1345 2105 1442 2158 habuit

326 2173 422 2228 filliam
441 2174 622 2243 Constantini,
650 2179 767 2229 matrem
785 2174 925 2230 Frederioi
943 2175 1115 2244 inperatoris,
1143 2175 1191 2244 qui
1209 2180 1305 2230 contra
1323 2174 1442 2230 Otonem

325 2249 468 2314 promotus
504 2249 552 2302 est,
598 2244 656 2299 Iste
686 2245 833 2316 leogerioe
868 2246 964 2314 genuit
1000 2246 1170 2300 Gulielmum
1205 2263 1300 2316 regem
1330 2244 1441 2315 Apulia,

327 2315 514 2384 calabrie,
542 2315 590 2384 qui
617 2316 671 2369 fuit
696 2317 725 2370 in
752 2316 879 2370 omnibus
906 2317 1056 2386 gloriosus;
1088 2317 1165 2370 euius
1182 2320 1308 2386 tempore
1325 2333 1442 2386 regnum
1461 2329 1490 2370 so

326 2403 431 2458 diviciis
444 2407 479 2458 et
491 2403 595 2458 deliciis
606 2420 657 2472 pre
669 2405 767 2458 oeteris
779 2403 897 2458 florebat
907 2404 1007 2474 regnis.
1071 2393 1255 2477 Inpera‘tor
1270 2393 1442 2457 Henricus

326 2480 503 2563 prediatus
533 2501 554 2543 a
577 2500 667 2564 papa
689 2481 737 2544 sio
761 2484 944 2545 coronatus
968 2484 1003 2546 et
1027 2481 1118 2544 alliis
1142 2481 1442 2566 solempnitatibus

184 2557 439 2660 G„·,⁸,¹'f'4{ffactis.
467 2581 560 2661 'Anno
578 2579 691 2634 Domini
708 2579 870 2636 M⁰o⁰xl1L
890 2579 1016 2648 Synodus
1035 2581 1226 2650 episcoporum
1247 2585 1342 2650 postea
1361 2580 1441 2634 eolle-

325 2651 406 2704 brata
430 2651 624 2720 pruillagium,
650 2651 742 2720 potius
766 2651 959 2721 pravillegium
978 2653 1181 2720 appellandum,
1208 2669 1258 2720 per
1281 2651 1443 2704 violentiam

326 2722 398 2790 regis
412 2725 558 2790 extortum,
575 2722 647 2775 inter
658 2721 981 2847 papanfiPasohalem
997 2727 1025 2776 et
1038 2723 1221 2791 inperatorem
1233 2722 1337 2776 fastum
1348 2738 1442 2791 repro·
1461 2736 1491 2776 ao

274 2785 403 2846 saw„
422 2797 530 2861 atque
548 2793 682 2846 cassavit
770 2796 782 2846 t
798 2793 919 2848 eodem
932 2810 1022 2846 anno
1035 2792 1257 2847 Cremonafuit
1270 2795 1443 2846 concremata

217 2841 317 2959 ,2132
327 2881 461 2950 incenato,
486 2869 676 2934 iunctione
700 2870 847 2952 septima
857 2868 877 2946 1,
909 2869 947 2932 in
974 2869 1029 2934 eie
1060 2870 1172 2933 sancti
1194 2869 1407 2934 Laurentius·
1420 2869 1441 2932 ².

328 2955 434 3021 Cuius
463 2957 617 3021 incendii
653 2977 756 3022 eausa
786 2950 984 3022 eonbuseitll
1010 2958 1073 3020 hae
1104 2957 1279 3034 ecelesiae,
1310 2956 1444 3021 soilioet

327 3038 591 3108 monasteriumi
608 3045 720 3108 saneti
730 3045 944 3121 Laurentiiss,
955 3045 1134 3110 ecelesiam
1144 3046 1255 3109 sanati
1268 3045 1442 3120 Heraxmi,

328 3133 507 3197 eeclesiam
524 3133 636 3196 saneti
652 3133 883 3210 Pantaleonis,
901 3134 1011 3197 saneti
1028 3133 1168 3211 Donati,
1186 3133 1297 3198 saneti
1306 3133 1442 3210 Vitatis,
1463 3153 1492 3195 aa
1590 3147 1591 3152 ’

328 3223 525 3284 sanatorum
559 3220 681 3286 Oosme
711 3223 746 3284 et
774 3215 985 3300 Dalmianik,
1017 3222 1128 3286 sanati
1152 3221 1301 3304 Georgii,
1332 3221 1445 3286 sanati
1590 3229 1591 3242 ¹

327 3309 510 3385 Ambrosii,
545 3309 657 3372 saneti
686 3309 791 3387 Petri,
829 3314 947 3374 sanate
975 3310 1094 3388 Maria,
1133 3312 1244 3374 saneti
1274 3310 1443 3394 Prosperi‚

327 3390 592 3460 monasteriumi
610 3397 868 3472 sanotinome,
882 3399 1144 3482 sanettioliti,
1156 3399 1444 3473 sanotiBarnabe,

328 3485 441 3550 saneti
475 3483 578 3562 Galli,
614 3486 726 3548 saneti
750 3487 896 3564 Andree,
934 3487 1046 3550 saneti
1079 3481 1295 3565 Michaelis¹,
1333 3487 1446 3550 saneti

328 3573 475 3651 Nazarii,
501 3574 613 3636 saneti
628 3573 798 3652 Maurieii,
823 3575 935 3638 saneti
949 3575 1116 3658 Sepulori
1137 3577 1249 3640 saneti
1265 3575 1444 3650 Antonini,
1463 3596 1493 3637 ao

329 3661 441 3726 saneti
471 3661 623 3736 Martini,
654 3662 766 3726 sancti
796 3663 940 3738 Mathai,
972 3664 1085 3727 saneti
1110 3663 1191 3741 Viti,
1222 3663 1335 3728 saneti
1365 3661 1446 3727 Ger·

327 3749 428 3826 varii,
453 3749 565 3814 saneti
588 3750 707 3828 Marci,
739 3751 850 3815 saneti
874 3751 1072 3829 Alexandri,
1105 3751 1217 3815 saneti
1239 3751 1386 3816 Romani
1410 3755 1446 3814 et

435 3940 458 3987 a>
470 3949 513 3988 seq.
524 3943 547 3979 et
555 3949 614 3990 pape
623 3950 709 3979 erorum
719 3952 738 3980 a.
743 3952 753 3989 ,¹
766 3945 789 3980 at
798 3951 812 3980 a
820 3951 880 3990 papa
888 3942 984 3991 equitur
993 3941 1074 3988 Gotifr.
1123 3941 1146 3990 b)
1160 3945 1211 3980 nota
1224 3941 1333 3982 hotonem
1345 3941 1446 3980 eodletsl

335 3991 430 4040 sicardi,
446 3993 561 4032 matresua
571 3993 598 4032 lla
606 4004 660 4042 oscae
673 3994 697 4032 tn
710 3994 756 4032 etus
765 3993 857 4033 Orontea
870 3995 909 4033 aut
923 4007 944 4034 a.
956 3995 1015 4035 1110.
1027 3997 1046 4032 et
1056 3994 1115 4034 1111.
1131 3995 1238 4044 trauntur.
1293 3995 1313 4045 o)
1328 3995 1418 4034 lateran
1426 4004 1446 4034 a.

329 4043 351 4096 d)
372 4046 403 4082 ale
416 4045 438 4083 λ.
454 4045 469 4084 l.
486 4057 504 4084 c.
572 4046 593 4097 e)
608 4047 652 4094 leae
665 4047 782 4095 Rogerius.
848 4047 865 4099 i)
885 4048 1091 4098 asq.1npdam.c.
1146 4048 1168 4099 g)
1188 4048 1239 4088 laui·
1252 4059 1269 4089 o.
1325 4047 1349 4100 h)
1370 4056 1445 4088 eausa.
1465 4045 1493 4084 46

328 4097 697 4149 9busseruntobAlb.1roateorr.
711 4100 798 4152 9bussit
812 4111 830 4140 e.
885 4101 902 4149 l)
915 4101 969 4140 mon
984 4111 1002 4140 o.
1026 4113 1029 4118 ·
1057 4099 1081 4151 k)
1095 4099 1126 4138 atr
1139 4111 1156 4143 r.
1211 4101 1228 4150 l)
1243 4096 1303 4142 Misit
1317 4112 1335 4142 e.

437 4254 463 4324 1)
483 4255 566 4308 Sexto
579 4260 679 4324 potius.
737 4259 765 4327 2)
784 4259 842 4311 Hoo
860 4273 893 4310 ox
910 4259 982 4313 Ano.
1003 4258 1123 4315 Oronon.
1142 4261 1337 4328 antiquissimae
1355 4260 1447 4324 depes·-

327 4327 394 4378 da'tla
408 4329 557 4393 profertum
575 4333 620 4382 eet.
658 4327 700 4394 Of.
720 4330 791 4384 Ana.
812 4330 940 4396 Gramen,
959 4330 1007 4384 SS.
1026 4329 1137 4397 XXXI,
1152 4335 1225 4400 1233
1250 4330 1308 4385 Iob.
1328 4329 1445 4396 compa

330 4397 401 4451 Ana.
420 4397 538 4452 Placent.
554 4415 583 4466 p.
600 4401 626 4454 3.
