3232 5028
460 416 628 473 ORONIOA
646 417 817 474 ALBDRTI
834 418 885 474 Dll
903 417 1076 475 BDZANIS.
1291 423 1326 478 39

203 593 362 649 (leur-adum
381 597 409 648 et
421 593 610 664 Philippum,⁸
632 593 730 649 ducem
749 599 783 649 et
801 595 933 650 athletam
946 595 1061 665 Christi,
1081 599 1121 650 set
1140 599 1245 651 ceteros
1262 615 1325 652 cum
1333 612 1377 654 sse.

203 665 799 806 rututtsttttrffltstuttt
812 667 1320 806 tutatuta‘’s-ristun?

204 807 258 864 hoo
276 807 372 862 ordine
389 807 502 860 orientis
520 808 755 876 relinquens¹
774 808 849 864 adiit.
976 778 983 806 ’
1317 781 1324 807 '

173 892 186 932 u
310 877 412 933 Dxiens
431 877 466 933 de
484 878 630 933 Alamania
648 877 774 934 introivit
791 879 821 932 in
836 878 995 949 Ungariam,
1014 878 1062 934 ubi
1081 879 1182 934 dicitur
1199 879 1325 935 habuisse

203 947 274 1003 X00
295 954 498 1020 pugnatorum
526 953 554 1004 at
579 951 614 1004 ab
633 949 746 1019 Ungaro
772 967 838 1020 rege
860 949 1010 1005 honorifice
1028 954 1154 1019 receptus
1173 949 1325 1021 Ungariam

203 1021 392 1090 pertransivit,
423 1020 600 1090 promisitque
625 1021 660 1074 ad
690 1021 875 1092 inperatorem
903 1019 1238 1090 Constantinopolitanum
1268 1023 1325 1092 epi·

203 1108 316 1174 scopum
334 1091 581 1146 Monasteriensem
607 1096 635 1146 et
659 1093 789 1146 comitem
807 1091 962 1147 Robertum
990 1092 1024 1147 de
1049 1091 1176 1161 sualua
1204 1093 1251 1162 qui
1279 1110 1325 1147 eos

203 1162 322 1216 detinuit
340 1166 368 1217 et
386 1167 442 1218 tres
460 1163 615 1218 exercitus0
639 1163 675 1216 ad
697 1164 841 1218 introitum
859 1162 1001 1233 Burgarie,
1029 1168 1060 1216 ut
1086 1163 1232 1217 transitum
1256 1181 1324 1218 non

156 1248 185 1286 ιο
203 1233 358 1302 inpedirent
388 1234 572 1305 Burgarit,
602 1235 736 1303 premisit.
784 1233 853 1289 Erat
889 1239 982 1289 autem
1018 1235 1058 1288 ibi
1094 1251 1190 1288 nemus
1219 1234 1324 1289 itineris

202 1309 321 1373 quatuor
347 1305 468 1371 dierum,
496 1306 572 1359 cuius
590 1305 664 1359 viam
682 1303 905 1375 aptissimam-³
923 1305 1072 1374 dissipavit,
1091 1309 1119 1360 et
1137 1305 1166 1359 in
1185 1306 1261 1359 exitu
1278 1323 1324 1360 ne-

202 1375 287 1429 moris
305 1376 485 1430 munitionem
504 1377 606 1431 faciens
624 1376 782 1446 preparavit
808 1395 838 1431 se
865 1393 928 1430 cum
957 1377 1121 1459 exercitibus
1144 1393 1265 1432 cesarem
1278 1377 1323 1460 ,ἰη-

202 1446 696 1586 strutittfttttttttt
709 1447 907 1588 tultis?
923 1446 1325 1573 tuttulttsuuat

157 1601 185 1641 io
203 1605 334 1658 magnam
346 1589 551 1643 multitudinem
563 1589 675 1644 illorum
687 1590 833 1646 interfecit.
863 1590 970 1644 Deinde
983 1589 1123 1644 civitatem
1141 1607 1195 1659 que
1207 1589 1324 1658 Philipis

203 1659 304 1712 dicitur
322 1659 504 1729 inpugnantes
523 1677 584 1714 eam
603 1664 742 1729 oeperunt.
773 1661 880 1716 Deinde
892 1660 996 1716 Grecus
1014 1661 1154 1730 inperator
1171 1662 1324 1714 maximum

204 1728 356 1784 (trecorum
366 1735 394 1784 et
403 1731 575 1785 Turehorum
585 1732 736 1786 exercitum
746 1735 842 1786 contra
851 1731 1009 1786 Romanum
1020 1732 1176 1800 inperium
1190 1730 1323 1800 direxith,

203 1803 300 1855 conus
318 1818 385 1869 quos
407 1801 464 1854 dux
482 1800 645 1870 Suevorum,
671 1801 753 1856 fillius
781 1802 1195 1871 inperatorisRomani,
1224 1803 1324 1856 acriter

203 1871 343 1940 dimicans,
372 1889 418 1926 eos
442 1872 600 1942 supperavit
626 1877 654 1927 et
677 1871 784 1943 fugavit
811 1878 839 1927 et
864 1873 936 1926 intra
954 1872 1072 1941 quedam
1090 1873 1182 1926 menia
1204 1889 1233 1926 se
1254 1873 1323 1926 reci-

156 1957 185 1995 so
202 1942 309 2011 pientes
326 1943 448 1998 maxima
465 1943 494 1998 vi
512 1945 585 2013 cepit
604 1948 632 1998 et
650 1960 744 1998 omnes
762 1943 878 2012 occidit;
903 1942 963 1996 XII
981 1960 1046 1997 vero
1066 1943 1189 1996 Turohos
1211 1944 1240 1995 in
1259 1960 1323 2010 qua·

204 2013 268 2067 dam
286 2014 446 2082 munitione,
474 2015 522 2069 ubi
547 2033 576 2068 sc
594 2018 763 2084 receperant,
790 2013 907 2070 viriliter
925 2013 1082 2068 resistentes
1100 2013 1164 2084 igne
1183 2013 1322 2068 cremavit.

203 2083 251 2137 Ad
268 2085 319 2138 hec
338 2084 443 2139 Grecus
462 2085 602 2154 inperator
621 2086 656 2140 ad
674 2085 833 2140 Romanum
851 2085 1035 2153 inperatorem
1053 2084 1236 2138 honorabilles
1253 2101 1323 2138 nuu-

203 2155 260 2208 cios
272 2155 346 2208 misit
358 2172 473 2210 numero
485 2155 565 2226 XVI,
585 2157 767 2225 promittens
786 2173 927 2210 seccurum
939 2156 1085 2209 transitum
1099 2159 1126 2209 et
1138 2155 1322 2224 indempnem.

202 2224 283 2280 Licet
310 2226 395 2296 igitur
421 2227 612 2297 magnanimus
636 2228 777 2296 inperator
801 2226 1020 2280 Fredericus
1047 2226 1077 2279 in
1094 2225 1244 2280 vindictam
1281 2243 1324 2280 re-

156 2308 185 2349 so
204 2295 349 2364 dictorum,
369 2315 422 2365 que
439 2298 566 2366 nequiter
584 2297 688 2352 (tracus
707 2298 884 2352 oonmisserat
903 2297 1065 2366 *inparatos
1083 2298 1234 2352 volebat
1275 2307 1431 2354 on·‘t1so¹.

203 2367 410 2438 stantinopolim
427 2369 587 2439 inpugnare,
607 2368 694 2423 victus
712 2373 806 2423 tamen
822 2368 950 2422 conscilio
968 2369 1124 2437 principum
1141 2367 1323 2436 suadentium,

203 2441 235 2492 ut
254 2439 289 2492 ad
308 2438 422 2493 Terram
440 2438 573 2495 Sanctam
592 2439 626 2492 ad
645 2439 862 2493 Christianorum
879 2438 1021 2493 festinaret
1046 2439 1187 2507 auxilium,
1215 2439 1324 2493 obsides

202 2509 284 2578 petiit
311 2513 339 2563 et
365 2511 498 2579 optinuit3
527 2511 573 2579 qui
596 2527 660 2565 eum
678 2510 828 2579 Galipolim
852 2510 1033 2579 perducentes
1050 2509 1197 2564 transitum
1214 2510 1324 2581 navigio

202 2584 435 2650 procuraverunt3
462 2581 588 2636 transivit
606 2585 699 2636 autem
717 2581 853 2636 exereitus
877 2581 997 2650 quinque
1024 2580 1129 2649 diebus,
1157 2581 1213 2634 dux
1239 2582 1324 2651 prior,

155 2664 185 2705 ao
203 2655 284 2720 pater
301 2651 445 2720 posterior.
482 2651 606 2721 Cumque
624 2653 841 2722 pertransissent,
866 2655 1002 2706 venerunt
1020 2650 1239 2721 Philadelphim3
1267 2652 1324 2705 dux

204 2725 296 2775 autem
321 2721 513 2791 Philadelphie
540 2723 630 2776 lorum
658 2739 762 2791 negans
789 2739 818 2776 se
846 2721 881 2774 ad
907 2721 1087 2790 pugnandum
1114 2723 1238 2778 armavit.
1275 2722 1325 2777 Set

203 2792 315 2846 demum
333 2793 429 2848 videns
452 2810 486 2847 se
510 2811 566 2847 non
584 2810 663 2861 posse
681 2793 814 2860 resistere,
839 2793 979 2861 promissit
1001 2792 1091 2845 forum
1120 2796 1148 2846 et
1173 2793 1324 2861 inperatori

203 2880 266 2917 cum
284 2865 378 2932 paucis
396 2864 528 2918 concessit
541 2864 659 2918 civitatis
670 2863 822 2920 introitum.
852 2862 1032 2917 Postmodum
1050 2866 1164 2931 propter
1181 2863 1323 2916 karistiam

202 2935 343 2988 contentio
361 2934 394 2987 fit
412 2935 484 2988 inter
503 2934 606 2988 Grecos
625 2937 653 2989 et
671 2933 870 3003 Teothonioos;
900 2934 1005 2988 bellum
1027 2931 1145 3001 inituri,
1168 2937 1196 2987 et
1221 2934 1323 3002 absque

155 3018 183 3058 ao
201 3005 364 3074 inperatoris
391 3004 555 3060 voluntatek
576 3022 626 3074 per
654 3005 721 3059 duos
749 3005 807 3059 dies
834 3008 862 3059 et
889 3008 983 3059 noctes
1011 3005 1140 3058 continuo
1159 3003 1322 3061 decertatur.

201 3075 321 3130 Domum
339 3075 405 3130 victi
424 3075 507 3130 Greci
525 3093 554 3130 se
573 3077 602 3129 in
621 3076 739 3130 civitatis
763 3076 953 3130 munitionem
970 3075 1133 3145 recipientes
1151 3079 1264 3144 pactum
1281 3077 1323 3129 in-

202 3146 293 3200 ierunt
312 3151 340 3200 et
359 3146 467 3200 ioruml
486 3145 697 3202 tollerabilemb
715 3151 914 3214 concesserunt,
940 3147 1106 3200 commercia
1130 3163 1193 3200 cum
1211 3147 1324 3200 funibus

201 3218 231 3270 in
249 3217 348 3286 sportis
366 3219 523 3287 porigentes
542 3223 571 3272 et
590 3218 686 3272 eodem
704 3218 787 3272 modo
808 3218 901 3286 precia
918 3217 1088 3286 recipientes.
1125 3217 1172 3270 Ad
1190 3217 1241 3272 hec
1260 3235 1323 3272 cum

201 3289 343 3357 inperator
361 3287 581 3358 Philadelphiam
600 3289 740 3344 civitatem
759 3289 853 3355 exiret,
882 3289 938 3342 dux
962 3289 987 3342 ei
1005 3288 1134 3341 nuncium
1152 3305 1203 3357 pro
1222 3289 1323 3342 ducatu

152 3373 183 3412 ro
201 3359 343 3428 concessit,
361 3360 409 3428 qui
427 3360 578 3414 exercitum
596 3377 647 3429 per
665 3359 744 3414 devia
762 3364 791 3413 et
808 3359 890 3427 invia,
917 3363 1048 3413 montana
1067 3362 1095 3412 et
1112 3375 1258 3414 nemorosa
1275 3360 1322 3414 de·

201 3430 288 3498 duxit,
315 3430 365 3484 ubi
382 3431 512 3484 victualia
538 3449 589 3500 per
616 3431 683 3484 duos
710 3430 768 3484 dies
794 3431 949 3484 nullatenus
976 3429 1147 3486 invenerunt.
1184 3429 1219 3483 In
1247 3431 1323 3484 exitu

200 3517 267 3555 vero
285 3502 404 3555 nemoris
424 3501 507 3556 Greci
525 3502 636 3570 quidam
656 3505 683 3554 et
701 3500 818 3555 Armeni
845 3501 937 3554 forum
965 3501 1004 3556 eis
1030 3519 1081 3570 pro
1099 3517 1180 3571 posse
1197 3500 1323 3570 paciffice

199 3572 364 3628 tribuerunt.
402 3572 449 3626 Ad
476 3573 527 3627 hec
547 3572 715 3626 Turclimani
742 3572 777 3626 de
802 3571 938 3640 Bentian,
966 3572 1091 3628 homines
1118 3576 1247 3642 agrestes,
1275 3571 1323 3639 qui

200 3643 301 3696 nullius
328 3642 476 3696 domantur
506 3643 626 3712 inperio,
655 3643 702 3711 qui
728 3660 784 3696 non
811 3643 840 3696 in
865 3644 989 3698 menibus
1013 3645 1058 3698 vel
1085 3642 1253 3710 municipiis,
1281 3645 1323 3696 set

152 3727 181 3767 45
199 3718 344 3768 morantur
362 3715 390 3767 in
414 3714 495 3784 agris,
512 3714 650 3768 infinitum
670 3717 698 3768 et
710 3713 948 3768 innumerabillem
961 3714 1113 3770 exercitum
1125 3716 1323 3783 congregantes

307 3910 329 3962 a)
349 3911 411 3950 nuru
429 3909 538 3948 castenetto
557 3910 578 3950 a.
594 3910 609 3951 ι,
625 3911 648 3948 sn
661 3921 679 3949 ι.
761 3909 784 3958 s)
805 3910 836 3948 aa
851 3921 868 3949 ι.
951 3909 971 3960 e)
993 3909 1025 3947 aa
1038 3919 1083 3956 pro
1097 3899 1135 3948 ῑᾱ
1150 3907 1196 3960 (xc
1214 3909 1283 3962 miss)
1302 3920 1320 3948 ι.

200 3959 224 4013 d)
246 3962 290 4010 layo
303 3963 388 4002 Nashu.
448 3963 470 4014 e)
490 3964 678 4012 scaturiente.
743 3963 760 4013 t)
781 3964 813 4001 stc
826 3973 873 4001 oum
889 3962 961 4002 codiee
975 3963 986 4000 1
1001 3962 1088 4000 sicardi
1102 3973 1120 4002 c.
1185 3963 1207 4012 ς)
1227 3973 1270 4012 seq.
1285 3973 1322 4001 ma

199 4015 261 4054 dalet.
276 4027 294 4057 c.
350 4017 429 4067 h)aeq.
444 4014 552 4068 91(quod)
567 4017 628 4056 delet.
643 4028 661 4057 c.
717 4017 733 4068 i)
748 4017 836 4056 luititur
849 4027 866 4056 c.
922 4015 946 4066 k)
960 4014 1077 4056 voluntate
1092 4026 1110 4055 e.
1165 4017 1181 4066 l)
1200 4025 1243 4066 seq.
1258 4017 1321 4056 tollel

199 4068 261 4108 delet.
277 4081 295 4108 c.
350 4069 381 4121 m)
396 4070 461 4109 Betis
475 4069 561 4108 sicas-u.

152 4259 180 4298 ω
308 4236 335 4307 1)
360 4237 419 4290 Hoc
436 4237 544 4290 vertum
560 4253 704 4306 perperam
722 4240 851 4289 insertum
869 4243 914 4292 eat.
1002 4235 1029 4306 2)
1056 4237 1182 4290 Albeatus
1199 4235 1320 4300 corrupit

199 4309 287 4362 Deum
305 4309 419 4364 sicardi.
475 4312 503 4378 3)
524 4324 616 4377 preses
632 4307 765 4376 Burgarie
784 4310 898 4359 omissae
915 4313 952 4360 est
970 4322 1029 4360 cum
1048 4307 1170 4360 omuibus
1188 4305 1321 4357 codicibus

200 4380 327 4433 Orontoue
345 4381 460 4436 sicardi.
