3232 5028
485 467 654 524 GRONIGA
672 467 844 523 ALBERTI
862 468 911 523 DE
930 469 1103 527 BEZANIS.
1317 475 1352 528 59

339 648 459 728 *Anna
478 645 589 728 vomu
608 643 821 728 [Mffllb
843 645 1050 729 uacare
1066 645 1208 716 veri
1226 632 1446 736 aemulat.

230 717 358 786 1111112,
377 721 489 771 natione
500 716 680 770 Provmcralrs
696 716 730 770 de
746 717 1032 786 rillaSanctrEgrd11,
1051 736 1092 773 sx
1109 723 1214 788 patre
1228 764 1233 776 ,
1249 764 1254 775 ,
1269 762 1276 776 ‚
1290 763 1296 776 ,
1310 729 1337 776 ‚c
1345 760 1351 788 ‚
1361 739 1427 779 Mar,
1438 741 1492 787 οη.

231 805 416 861 suecessit
439 805 586 859 Urbano
610 809 740 872 quarto
762 822 853 874 pape
877 797 1023 858 vacante
1041 795 1184 880 inperio,
1205 808 1265 875 qui
1283 807 1353 862 sedit

231 879 310 932 anuis
328 876 391 946 III,
416 875 599 944 m.VIHI⁰f,
625 875 652 931 d.
671 875 757 943 XXI,
785 881 812 930 et
837 877 952 930 cessavit
976 878 1054 932 annis
1077 879 1180 947 tribus,
1205 896 1242 933 m.
1262 878 1294 932 II
1319 883 1354 933 et

198 965 212 1005 o
232 949 329 1004 diebus
347 947 383 1003 X.
509 946 565 1000 Hic
591 963 706 1000 uxorem
731 951 760 1000 et
784 948 885 1000 liberos
903 947 1006 1002 habens
1023 948 1143 1017 primum
1161 948 1214 1001 fuit
1232 949 1352 1002 famosus

232 1020 382 1073 advocatus
400 1021 429 1072 et
446 1019 520 1088 regis
540 1017 657 1072 Francia
676 1018 869 1088 nomiliarius,
889 1018 989 1073 deinde
1007 1022 1117 1073 mortua
1135 1037 1221 1073 uxore
1239 1024 1353 1088 propter

231 1091 318 1145 vitam
345 1089 474 1143 bonam
502 1093 530 1142 et
557 1088 700 1143 scientiam
727 1088 896 1142 laudabilem
920 1089 1010 1158 primo
1033 1089 1176 1144 Podiensis
1201 1091 1352 1160 episcopus,

232 1167 292 1250 qui
316 1165 511 1229 Aniciensis
535 1165 671 1241 dicitur,
698 1180 726 1230 et
743 1180 806 1245 post
823 1176 976 1232 Narbone(1
996 1178 1221 1249 archiepiscopus,
1241 1179 1353 1232 tandem

232 1249 391 1304 Sabinensis
410 1248 552 1316 episcopus
571 1251 599 1301 et
617 1247 762 1301 cardinalis
781 1247 908 1316 efficitur,
927 1253 963 1302 et
979 1253 1043 1318 post
1054 1250 1083 1303 in
1095 1249 1228 1320 Angliam
1240 1253 1353 1319 propter

185 1337 214 1375 10
231 1321 308 1390 pacis
326 1318 559 1373 refformationem
579 1335 595 1371 a
612 1335 685 1387 papa
702 1317 817 1372 Urbano
842 1322 940 1386 quarto
965 1320 1078 1388 missua,
1102 1321 1198 1374 absens
1224 1338 1240 1373 a
1265 1320 1351 1374 cardi-

232 1392 342 1445 nalibus
358 1389 465 1444 Perusii
482 1389 512 1443 in
528 1406 630 1458 papam
649 1390 767 1456 electus,
793 1389 832 1443 sic
849 1389 973 1459 vigilliis,
999 1390 1107 1445 ieiuniis
1132 1396 1160 1446 et
1185 1392 1353 1446 orationibus

234 1480 267 1516 ac
286 1461 355 1515 alliis
374 1461 454 1514 bonis
472 1460 601 1529 operibus
620 1460 740 1513 intentus
758 1459 820 1528 fuit,
846 1461 919 1528 quod
936 1462 1044 1528 multas,
1070 1480 1136 1532 quas
1156 1463 1269 1517 ecclesia
1287 1465 1353 1516 tune

233 1533 436 1586 tribullationes
455 1531 614 1598 sustinebat,
632 1531 706 1585 Deus
724 1530 779 1584 suis
797 1532 901 1585 meritis
919 1532 1040 1586 creditur
1059 1534 1213 1590 extinxisse.
1297 1533 1353 1586 Hie

233 1621 306 1672 papa
318 1603 489 1656 canonizavit
498 1601 640 1656 Viturbiie
654 1603 683 1654 in
695 1603 810 1656 ecclesia
823 1601 939 1656 fratrum
951 1603 1160 1658 Predicatorum
1172 1603 1350 1675 Edgingamf

188 1689 215 1728 15
234 1674 351 1728 condam
370 1673 507 1726 ducissam
524 1671 666 1742 Pollonie,
691 1673 761 1726 mire
787 1674 938 1727 sanctitatis
962 1674 1089 1742 viduam,
1115 1693 1169 1743 que
1194 1676 1266 1729 inter
1290 1675 1354 1728 allia

233 1744 473 1813 conmendabillia‚
493 1761 556 1797 cum
568 1743 737 1798 canonizatio
754 1744 811 1796 eius
828 1761 879 1812 per
896 1745 988 1813 plures
1007 1762 1091 1799 anuos
1110 1745 1274 1814 differretur,
1294 1746 1352 1815 ipsa

233 1817 406 1884 procuratori
433 1815 462 1867 in
490 1815 566 1868 ouria
590 1814 731 1882 Romana,
762 1832 844 1883 super
871 1815 969 1869 eodem
996 1816 1108 1886 negotio
1137 1833 1199 1870 cum
1227 1821 1298 1871 esset
1324 1817 1353 1870 in

233 1888 357 1956 tristitia,
383 1886 539 1956 pervisum
564 1886 693 1954 apparuit
717 1902 749 1940 ac
771 1903 835 1939 eum
853 1885 888 1939 de
907 1886 1081 1956 expeditione
1099 1887 1205 2010 n⁰ss⁰ffi
1223 1891 1252 1941 et
1270 1887 1353 1941 etiam

233 1957 269 2012 de
294 1958 339 2011 die
365 1956 544 2026 expeditionis
567 1955 736 2011 certificavit.
862 1956 945 2010 Anno
963 1957 1075 2011 Domini
1092 1957 1137 2010 M⁰
1161 1957 1273 2014 CLXV.
1290 1975 1352 2027 pre-

186 2044 214 2082 ao
233 2029 322 2082 dictus
349 2027 470 2082 Karolus
498 2025 692 2090 Prorintie
719 2044 852 2094 comes,
884 2027 931 2096 qui
980 2045 1011 2081 ro
1038 2028 1248 2097 recuperatione
1274 2029 1353 2099 regni

233 2099 343 2154 Scioilie
359 2116 410 2168 per
422 2098 568 2154 Urbanum
584 2114 685 2166 papam
697 2096 811 2151 IIIIm
828 2103 942 2152 vocatus
960 2045 1058 2166 iuerat,
1077 2098 1203 2167 Romam,
1222 2099 1271 2152 ubi
1286 2103 1352 2153 tunc

233 2172 263 2224 in
289 2175 442 2224 senatorem
468 2170 570 2223 electus
594 2168 693 2236 fuerat,
717 2168 828 2237 navigio
846 2170 930 2225 venit.
966 2169 1073 2223 Deinde
1090 2171 1223 2239 Apuliam
1247 2171 1353 2224 intrans

232 2242 308 2296 bello
326 2240 473 2310 campestri
490 2240 586 2294 habito
604 2240 760 2308 predictum
777 2239 969 2309 Manfredum,
998 2240 1120 2294 filium
1145 2243 1352 2296 naturalem

233 2312 430 2366 Frederici
448 2310 689 2380 inperatoris,
708 2328 793 2381 regno
812 2315 840 2364 et
858 2312 915 2364 vita
932 2312 1058 2381 privavit.
1142 2312 1225 2366 Anno
1241 2313 1353 2368 Domini

186 2398 213 2437 ao
233 2381 429 2438 M⁰OOLXVL
457 2399 539 2451 quam
566 2382 686 2465 plurima
713 2382 861 2464 multitudo
881 2381 1094 2466 Sarracenorum
1120 2399 1155 2438 ex
1173 2383 1279 2437 Affrica
1303 2401 1352 2452 per

232 2458 380 2594 tiit?
394 2456 681 2594 ilfflsiffliiti'ln
695 2453 1352 2594 lbttblldlllttlll,silebitis

233 2613 315 2665 quam
341 2595 407 2648 olim
431 2595 624 2664 perdiderant,
649 2611 813 2663 recuperare
831 2595 992 2664 Yspauiam.
1030 2595 1079 2650 Set
1102 2595 1212 2650 illarum
1230 2597 1352 2667 partium

233 2667 353 2721 aduniti
380 2665 528 2720 Christiani
555 2669 583 2719 et
610 2666 861 2734 crucesignatorum
888 2683 923 2720 ex
950 2666 1063 2721 diversis
1090 2666 1235 2736 partibush
1257 2668 1352 2736 adiuti,

185 2753 214 2792 so
231 2737 298 2791 licet
310 2754 374 2792 cum
386 2738 475 2791 multo
488 2735 705 2790 Christianorum
718 2736 872 2805 dampno,
889 2737 923 2790 de
936 2736 1093 2791 Sarracenis
1105 2738 1351 2807 triumphaverunt.

231 2809 316 2863 Anno
350 2807 461 2861 Domini
492 2806 703 2863 M⁰GOLXVIL
734 2807 870 2861 Soldauus
903 2807 1047 2862 Babilonie
1078 2808 1211 2862 Armenia
1246 2813 1352 2863 vastata

231 2879 439 2947 Anthiochiam,
455 2895 538 2932 unam
554 2878 589 2932 de
605 2877 795 2932 famosioribus
810 2878 966 2933 civitatibus
982 2879 1063 2946 orbis,
1081 2879 1154 2948 cepit
1170 2883 1198 2934 et
1212 2883 1271 2932 tam
1286 2881 1351 2933 viris

232 2967 314 3018 quam
344 2948 506 3004 mulieribus
536 2948 645 3003 occissis
675 2952 703 3002 et
734 2949 821 3017 captis
850 2949 938 3018 ipsam
968 2949 998 3003 in
1027 2949 1204 3004 solitudinem
1233 2951 1350 3021 redegit.

232 3027 364 3091 Eodem
409 3047 499 3090 anno
545 3025 696 3090 civitatis
736 3019 991 3090 Cremonensis¹
1034 3026 1175 3109 quidam
1213 3029 1351 3092 nomine

185 3133 212 3174 ao
233 3115 436 3179 Cazaeomes
471 3115 514 3178 de
546 3159 686 3179 .....
694 3119 707 3152 ⁰
734 3114 805 3178 fuit
837 3108 1084 3209 episcopani-1.
1129 3127 1213 3181 Anno
1239 3128 1351 3182 Domini
1360 3145 1493 3196 raaces.

231 3195 460 3253 M⁰00LXV11L
474 3196 625 3250 Goradinus
638 3197 705 3251 olim
722 3214 808 3266 nepos
820 3197 960 3252 Fredericr
976 3199 1139 3267 inperatoris
1151 3198 1352 3269 parvipendens

231 3268 337 3322 domini
353 3285 426 3338 pape
445 3267 728 3322 excomunicationem
746 3272 843 3322 contra
860 3268 1004 3338 Karolum,
1023 3285 1105 3336 quem
1124 3270 1239 3324 ecclesia
1256 3287 1351 3340 regem

231 3338 341 3394 Scioilie
360 3339 472 3406 iecerat,
498 3339 640 3408 insurgens
664 3337 700 3392 ad
718 3338 910 3408 Theotonicos,
936 3357 1004 3408 quos
1022 3339 1140 3410 'habuit
1165 3358 1249 3409 quam
1266 3342 1351 3410 pluri·
1363 3359 1392 3408 rt.
1404 3361 1458 3401 iro‘.

231 3411 295 3464 bus
314 3409 468 3464 Loubardis
481 3413 509 3464 et
520 3409 616 3463 Tuscis
629 3409 764 3464 adiunctis
780 3411 907 3479 parvenit
918 3427 1005 3479 usque
1016 3411 1151 3481 Romam;
1170 3411 1218 3465 ubi
1231 3429 1294 3466 cum
1311 3413 1351 3465 in·

183 3497 212 3535 so
229 3481 352 3549 portalee
369 3497 446 3535 more
462 3480 651 3549 sollempniter
665 3484 792 3550 receptus
810 3481 913 3550 iubeat,
932 3482 1052 3537 asociato
1065 3482 1118 3536 sibi
1130 3486 1255 3536 senatore
1267 3482 1351 3538 Urbis

231 3551 344 3606 domino
362 3551 501 3618 Henrico,
529 3550 615 3605 fratre
641 3551 715 3622 regis
741 3551 874 3620 Castelle,
902 3557 930 3607 et
957 3571 1039 3622 quam
1066 3553 1191 3623 plurimis
1218 3553 1351 3607 Romanis

231 3627 328 3677 eontra
342 3621 456 3694 regeml
474 3621 611 3676 Karolum
623 3622 756 3692 Apuliam
774 3623 896 3691 intravit,
915 3624 961 3679 et'
979 3624 1149 3694 pleriquem
1161 3623 1265 3678 factum
1277 3624 1351 3694 regis

337 3819 359 3867 a)
373 3818 430 3866 folia
440 3817 554 3858 rit-180.
567 3817 652 3858 Altera
664 3829 731 3858 manu
744 3819 839 3859 sumata
848 3819 910 3860 0L11
914 3818 1035 3860 -OLVIL
1049 3819 1136 3868 wasia
1147 3821 1204 3868 aum,
1219 3819 1256 3868 qui
1266 3822 1351 3862 numera·

229 3875 280 3910 sum
293 3871 382 3920 primae
399 3871 531 3910 roceum
549 3871 656 3910 brevioris
673 3872 738 3911 huius
755 3873 815 3913 libri.
843 3873 928 3912 Horum
946 3872 1052 3919 soliorum
1073 3873 1157 3911 litterae
1175 3872 1270 3912 initiales
1283 3875 1351 3914 minio

182 3930 211 3970 45
225 3926 306 3974 pictae,
321 3925 401 3963 multae
413 3924 472 3963 aliae
485 3925 552 3963 minio
567 3925 703 3964 illuminatae
716 3930 773 3965 mi.
828 3927 852 3974 b)
866 3924 1002 3966 Mfflcnxv.
1018 3922 1064 3966 lnd.
1076 3925 1145 3966 vl11·
1155 3930 1208 3974 post
1221 3926 1248 3965 ab
1261 3927 1350 3968 Alacres

229 3979 253 4016 in
270 3979 341 4026 spatia
359 3988 427 4017 vacuo
445 3978 521 4016 relicto
539 3978 584 4017 aiio
602 3982 722 4018 mommo
739 3979 812 4027 simpl.
893 3979 914 4030 c)
934 3979 1029 4026 spatium
1048 3979 1131 4019 nomini
1148 3979 1261 4020 immo
1282 3985 1349 4021 vaca.

229 4028 253 4081 d)
267 4041 310 4080 aeq.
326 4032 366 4080 eps
380 4031 442 4070 delet.
485 4029 506 4080 e)
519 4033 552 4070 air
565 4042 583 4070 c.
625 4031 643 4081 i)
657 4029 775 4079 Edwigam
788 4031 878 4072 Martia.
921 4031 942 4082 g)
957 4031 1087 4072 sarracenis
1102 4033 1191 4073 Mareia.
1238 4033 1262 4084 h)
1276 4035 1351 4083 supple

228 4084 323 4124 auxilio.
378 4085 395 4132 l)
409 4083 505 4124 Orsmor'r
518 4095 552 4132 e.;
565 4094 607 4134 seq.
623 4084 663 4133 eps
677 4085 739 4124 delet
794 4083 818 4136 li)
836 4085 859 4122 ia
873 4095 944 4132 mara.
959 4095 1027 4123 manu
1040 4086 1136 4125 Alieni:
1150 4087 1209 4126 Nota
1223 4084 1251 4126 de
1265 4086 1352 4126 xxm⁰

229 4137 336 4186 episcopo
350 4135 454 4178 (tremori.
510 4138 527 4185 l)
545 4148 588 4187 seq.
603 4137 694 4187 appulia
707 4139 770 4178 delet.
824 4137 855 4188 m)
869 4138 899 4176 aie
912 4149 929 4179 c.
936 4149 946 4184 ,·
959 4138 1061 4187 plerique
1075 4140 1165 4182 Martia.

180 4321 208 4360 ω
337 4297 364 4364 1)
395 4296 447 4360 Qua
469 4298 525 4348 iam
550 4312 576 4351 a.
598 4299 676 4352 1260.
702 4299 838 4364 episcopas
855 4303 962 4349 oreatus
979 4303 1025 4353 ast.
1114 4297 1143 4364 2)
1167 4297 1292 4350 Alterius
1316 4297 1350 4350 ab

226 4367 345 4420 laetioris
363 4369 556 4434 imperatorum
568 4366 687 4419 Martini
699 4384 729 4434 p.
743 4368 804 4421 474.
823 4369 960 4420 transiens
973 4370 1010 4420 ad
1027 4384 1071 4421 res
1086 4374 1176 4434 reatos
1189 4368 1350 4434 pontificum

222 4455 254 4506 12.
268 4441 331 4494 441.
350 4439 430 4491 verba
448 4439 516 4490 maie
536 4438 683 4493 coniunaeii.
