3232 5028
269 417 305 472 82
519 409 686 466 osorius
703 408 875 464 ALBDRTI
892 409 943 465 DE
961 409 1134 466 BDZANIS.

128 628 189 667 ,sm
205 575 358 676 offijmulta
376 591 404 642 et
421 587 497 643 varia
514 585 654 656 sequentia
670 591 864 657 provenerunt.
989 585 1062 641 Nam
1081 603 1152 641 anno
1170 587 1309 656 inperii
1333 585 1388 641 sui

190 659 196 670 '
270 659 379 728 primo¹
406 658 600 727 inperator
626 656 700 726 apud
718 657 902 726 Tyburtinum
940 658 1053 727 recepit,
1071 661 1103 712 ut
1122 657 1275 726 Tyburtina
1292 657 1388 712 civitas

270 728 502 796 rehedificsretur‚
521 732 550 783 et
566 727 674 782 rediens
692 727 814 783 eodem
832 745 904 782 anno
920 675 1068 798 §poletum
1086 728 1228 784 destruxit.
1304 727 1388 782 Anno

217 811 262 854 sse.
270 799 382 854 Domini
399 797 531 855 Mum.
550 798 700 853 Medesane
717 803 798 868 capta
816 803 857 852 est
872 816 889 852 a
903 798 1152 854 Cremonensibus*
1168 803 1196 853 et
1213 798 1387 867 Placentinis,

271 871 381 940 penitus
399 874 428 924 et
445 870 591 926 destructa.
708 870 792 924 Anno
810 869 923 923 Domini
940 869 1088 925 ΜὋΙιΙΠ.
1107 869 1246 924 Ascalone
1264 869 1387 923 civitas
1407 883 1421 922 s

271 945 353 1011 capte
371 943 412 994 est
429 957 446 994 e
465 939 634 996 Christianis.
741 940 825 994 Anno
843 940 955 994 Domini
972 939 1171 996 M⁰GLHH⁰¹.
1207 940 1269 996 Rex
1286 939 1388 995 Frede-

271 1012 343 1066 ricus
360 1011 450 1081 primo
469 1011 498 1064 in
512 1011 634 1065 Ytalism
652 1011 735 1079 venit,
755 1011 802 1079 qui
820 1011 959 1065 civitatem
985 1011 1059 1080 cepit
1077 1012 1233 1080 Astensem,
1260 1014 1335 1066 tures
1360 1015 1389 1064 et

269 1095 364 1136 muros
382 1081 500 1137 civitatis
517 1081 668 1138 destruens.
704 1080 842 1136 Deinde
861 1081 1016 1136 Terdonam
1040 1081 1115 1136 idem
1142 1099 1191 1136 rex
1218 1081 1300 1151 cepit,
1328 1081 1388 1134 fou·

138 1153 344 1213 etesiarum
371 1157 400 1207 et
426 1152 570 1221 destruxit,
597 1169 664 1220 qne
690 1155 734 1206 ter
759 1168 810 1220 per
827 1151 1005 1207 Mensem
1023 1153 1097 1206 fuit
1114 1152 1244 1212 desolate,
1281 1151 1388 1205 Deinde

122 1217 466 1292 ⁸³⁶·›innperator
483 1222 603 1277 Romam
628 1223 759 1276 festinans
785 1239 837 1292 pro
862 1225 1039 1278 coronatione
1065 1223 1145 1277 sua’
1172 1223 1279 1276 subin
1312 1222 1387 1275 avit
1407 1237 1435 1276 ro

141 1271 365 1366 ⁶⁰‘·²⁴3,⁶,2totem
384 1293 536 1346 Tusciam⁸
554 1297 589 1348 et
607 1294 709 1347 multos
727 1293 826 1348 heriles
844 1293 916 1348 sibi
934 1294 1125 1363 subposuit.
1179 1293 1264 1348 Anno
1303 1291 1388 1346 omini

141 1363 400 1426 oos.aa,o.M⁰0LV.
419 1362 630 1433 A[nastaxiusb]
659 1381 732 1433 papa
759 1368 874 1420 creatur.
918 1363 964 1418 Et
990 1364 1134 1434 quidam
1162 1363 1301 1418 Arnaldus
1327 1363 1388 1416 Bri-

163 1429 233 1470 Μ·
271 1435 402 1490 aiensis
426 1434 577 1502 hereticus,
605 1435 737 1504 dogmata
759 1436 836 1488 cuius
855 1439 933 1489 erant
951 1436 1027 1504 qussi
1045 1435 1230 1504 pervertentia
1247 1433 1387 1501 mondum,

272 1505 638 1574 auctoritateregiscapitur
656 1506 807 1573 etlaqneo
826 1505 898 1559 fuit
917 1509 991 1559 strun
1031 1507 1124 1574 latus,
1143 1505 1275 1559 deinde
1293 1505 1383 1574 igne⁰

133 1560 345 1661 ,wigfert
369 1575 569 1632 enecetur.
692 1575 776 1629 Anno
794 1576 906 1631 Domini
925 1576 991 1630 nuc
1018 1576 1068 1633 v1.
1087 1576 1249 1630 resumens
1270 1592 1335 1629 rex
1353 1575 1387 1629 ab
1407 1590 1435 1630 ιι

193 1644 199 1656 ’
257 1643 397 1701 ’Adriano
413 1645 510 1700 Rome
527 1647 556 1700 in
576 1646 652 1701 erieli
670 1646 824 1702 diedemate
842 1647 901 1700 fuit
919 1653 1065 1702 coronatus
1083 1651 1119 1702 et
1134 1646 1273 1701 Romanos
1290 1646 1388 1716 inpug-

219 1717 349 1771 se.navit
365 1717 490 1771 nolentes
507 1717 533 1771 ei
550 1664 574 1770 d
1369 1717 1375 1728 “

272 1787 394 1842 moniam
413 1791 441 1841 et
458 1788 619 1857 inperialem
630 1789 764 1843 ultionem
777 1787 962 1856 lyburtinum
974 1789 1079 1842 censuit
1090 1788 1271 1856 municipium
1286 1791 1388 1841 restau-

129 1859 361 1927 neruosus-erist
388 1875 508 1928 pugna
535 1862 654 1913 cutem
681 1876 758 1913 cum
776 1857 951 1913 Romanis
977 1859 1051 1913 fuit
1077 1859 1143 1912 hoc
1167 1859 1287 1912 modo:
1305 1857 1388 1928 Ipso

272 1945 355 1984 vero
374 1928 432 1983 die
450 1933 514 1984 ante
531 1946 633 1983 nonam
652 1929 687 1983 ad
705 1930 850 1984 stationem
868 1947 954 1998 suam,
972 1947 1026 1998 qne
1044 1935 1104 1985 erat
1120 1931 1149 1983 in
1167 1933 1247 1999 prato
1263 1928 1388 1997 Neronis,
1407 1945 1435 1984 so

273 2017 335 2055 cum
363 2000 499 2069 exivisset,
525 1999 646 2054 Romani
672 2004 778 2053 ennete
804 2017 888 2054 menn
915 2000 1049 2054 familiam
1075 2005 1235 2070 sequentem
1262 1999 1389 2069 inportu

273 2071 368 2126 Sancti
385 2071 488 2140 Angeli
515 2071 663 2125 crudeliter
688 2072 847 2124 invaserunt
873 2087 959 2139 usque
986 2072 1021 2124 ad
1049 2072 1199 2125 tentorium
1225 2071 1389 2140 inperatoris

272 2141 468 2213 persequendo.
505 2140 555 2194 Set
582 2142 765 2194 invalescente
792 2142 913 2196 clamore
931 2142 1095 2196 Teuthonici
1119 2141 1230 2196 adunati
1248 2140 1389 2195 Romanos

273 2212 448 2281 expulerunt
466 2211 622 2280 crudeliter,
650 2211 719 2265 adeo
737 2211 812 2279 quod
829 2213 972 2280 prostratis
990 2213 1083 2266 multis
1102 2216 1130 2266 et
1148 2212 1299 2281 captivatis,
1326 2227 1389 2265 cum

220 2292 262 2332 su.
272 2281 380 2353 magnis
397 2281 524 2349 precibus
542 2280 639 2350 papa(l
654 2281 701 2336 vix
714 2282 816 2351 captivi
828 2281 940 2336 fuerunt
951 2283 1085 2352 restituti3
1105 2292 1139 2338 et
1157 2284 1209 2337 sic
1227 2282 1389 2352 inpugnavit
1407 2296 1434 2338 at

165 2397 195 2445 ‘f'
207 2352 456 2476 168“Romwffiiis
474 2423 513 2476 its
531 2422 682 2490 conpletis⁰
705 2439 781 2476 cum
798 2423 828 2477 in
845 2423 1013 2478 Alamaniaf
1034 2424 1157 2478 rediret
1180 2423 1216 2477 in
1250 2427 1373 2478 arator

142 2450 263 2542 (imagi.
273 2493 382 2548 residet
399 2511 480 2575 super
498 2510 563 2574 arva
575 2491 694 2563 Spoleti3
714 2511 730 2546 a
748 2495 846 2562 quibus
864 2494 1006 2550 civibus
1019 2441 1242 2564 Spoletanisp
1248 2495 1320 2563 petit
1337 2462 1389 2546 sibi

217 2565 379 2617 coutributa
397 2564 477 2620 darr.
516 2563 620 2618 (lives
647 2581 788 2633 qnoque
815 2565 996 2620 dederunt
1022 2565 1092 2620 sibi
1110 2565 1389 2632 monetamfalsam,

273 2651 337 2704 pro
364 2651 432 2703 qua
459 2634 610 2689 falsitate
637 2635 828 2704 inperator
856 2636 1048 2690 civitatem
1066 2636 1179 2705 ipsam
1197 2635 1308 2689 iussit
1325 2636 1389 2704 igne
1409 2651 1435 2690 ao

274 2723 449 2778 succendi
480 2715 516 2776 et
548 2733 663 2776 muros
693 2713 766 2776 eius
795 2713 953 2776 fonditus
990 2713 1131 2790 destrui,
1166 2727 1201 2778 et
1227 2724 1328 2778 multos
1355 2722 1389 2776 de

273 2793 353 2863 plebe
371 2794 490 2863 perimi
508 2794 523 2848 f
528 2795 624 2851 ecit⁸.
726 2795 866 2849 Deinde
884 2795 968 2850 venit
985 2795 1058 2848 inter
1074 2795 1162 2863 Alpes
1173 2793 1388 2860 veronensium

274 2869 402 2919 etcum
420 2866 520 2920 velet
538 2883 615 2920 cum
633 2866 820 2934 proceribus
838 2866 900 2918 suis
919 2865 1096 2934 quoddam
1108 2865 1389 2934 flumenmugnum

272 2935 309 2989 in
326 2936 448 3006 angustis
465 2936 605 2989 montibus
622 2937 783 3005 positum
800 2935 942 3003 transire,
962 2936 1029 2989 fuit
1047 2937 1124 3005 quusi
1142 2952 1252 2990 earcere
1265 2936 1388 2990 cinctus.

273 3006 472 3062 Veronenses
508 3023 602 3074 vero,
641 3006 700 3074 qui
738 3009 842 3060 erant
878 3023 986 3074 super
1022 3007 1210 3061 cacumina
1245 3005 1434 3073 montium,cc

273 3076 712 3144 armaruuntsaxaquepluunt,
731 3080 766 3130 et
783 3077 961 3144 plurimos
980 3094 1020 3130 ex
1038 3080 1146 3148 gente
1163 3077 1390 3145 inperatoris

272 3147 442 3214 interimunt,
462 3150 497 3200 et
514 3153 644 3214 quassant
661 3163 788 3214 proceres
807 3163 823 3199 a
841 3147 943 3200 vertice
956 3165 1029 3216 saxa,
1048 3151 1083 3201 et
1100 3147 1177 3202 nulle
1192 3165 1269 3200 arma
1286 3149 1391 3215 queunt

272 3218 365 3271 valere
389 3217 544 3285 millitibus3
573 3217 667 3286 quod
691 3217 827 3270 bellum
852 3217 1003 3276 duravit
1026 3235 1090 3288 per
1115 3221 1233 3287 quatuor
1250 3217 1314 3270 dies
1332 3217 1390 3270 sine

273 3305 321 3356 spe
350 3287 407 3342 vite
436 3287 594 3340 militum
624 3288 866 3356 inperatoris3
903 3289 1048 3342 tandem
1084 3289 1201 3358 aliqui
1231 3288 1390 3342 militum

274 3357 367 3412 dicti
394 3357 623 3426 inperatoris
649 3359 773 3426 passibus
798 3359 911 3412 occultis
930 3376 1012 3428 super
1030 3361 1086 3412 alte
1104 3359 1247 3414 cacumina
1263 3357 1389 3426 tendunt,
1407 3374 1435 3413 ao

274 3433 309 3482 et
326 3428 405 3497 plebs
423 3428 562 3498 supercilii
572 3430 674 3482 montis
692 3429 727 3482 ad
744 3429 801 3482 ima
817 3434 927 3487 ruunt.
959 3429 1158 3500 Inperator
1176 3435 1294 3484 antem
1312 3428 1390 3482 hunc

273 3499 345 3568 pede
371 3499 500 3569 truncari,
528 3499 607 3552 hunc
631 3499 766 3553 fonditus
783 3501 922 3554 e‘xoculeri
952 3503 986 3554 et
1012 3517 1185 3569 proceres
1203 3499 1390 3555 Veronenses
1428 3499 1430 3506 '

273 3571 367 3624 illue
385 3570 703 3637 existenteslaqueo
723 3569 815 3625 fecit
838 3588 920 3640 super
947 3572 1002 3626 alta
1029 3571 1212 3640 suspendi,
1250 3569 1309 3624 Sic
1335 3571 1390 3622 in·

220 3643 422 3711 superator
441 3638 711 3694 Veronensibus
729 3641 854 3710 reprobis
880 3642 932 3695 ita
958 3643 1216 3697 remuneravit.
1254 3640 1321 3694 Post
1338 3640 1390 3693 hec

571 1717 712 1772 delitatem
730 1722 758 1770 et
775 1718 817 1771 ius
835 1717 959 1772 debitum
978 1718 1095 1774 exibere.
1131 1716 1167 1772 In
1186 1734 1302 1786 quorum
1320 1733 1388 1770 ecn-

380 3817 403 3867 s)
423 3817 513 3858 cremori
527 3829 545 3858 a.
608 3818 632 3869 b)
651 3817 672 3857 A
685 3819 755 3858 solum
768 3819 792 3857 s'n
806 3829 834 3868 c„
848 3820 944 3868 reliquus
956 3819 1051 3858 nominis
1063 3819 1148 3858 litterae
1161 3829 1241 3860 ausae.
1305 3817 1326 3868 c)
1346 3827 1389 3867 seq.
1408 3813 1435 3853 tt

273 3870 353 3922 9(con)
367 3871 429 3912 dalet
484 3869 508 3922 (1)
521 3872 566 3920 lupe
579 3881 645 3921 pape.
699 3873 719 3921 e)
733 3882 776 3922 seq.
792 3869 822 3911 du
835 3872 897 3911 dalet.
952 3872 969 3923 t)
984 3870 1125 3912 alamanitr.

382 4011 409 4080 1)
438 4027 511 4064 anno
538 4011 628 4080 primo
653 4013 773 4064 Martini
796 4013 869 4078 fuleo
892 4014 948 4064 loco
967 4015 1059 4078 posito
1076 4011 1200 4064 Allectus
1224 4009 1324 4078 inperii
1349 4007 1391 4061 sui

269 4097 416 4150 perperam
432 4083 544 4137 adds'ats't.
597 4081 626 4150 2)
645 4098 696 4150 pro
710 4083 946 4136 coronexMart.
961 4082 1058 4149 Oppau.
1075 4099 1104 4149 p.
1117 4085 1179 4138 470.
1234 4081 1262 4151 3)
1282 4079 1388 4148 subiug.

273 4155 361 4206 totam
374 4151 501 4212 Tusciam
516 4162 550 4205 ee
562 4153 696 4218 Gotifredi
707 4153 847 4206 Pantheon
858 4153 967 4220 XXIV,
980 4157 1013 4209 5:
1031 4152 1131 4205 Tuscia
1148 4151 1249 4206 devota
1267 4167 1296 4204 se
1315 4149 1390 4202 dedit

273 4222 394 4290 undique
418 4227 484 4278 tota.
592 4222 620 4293 4)
647 4225 687 4276 De
711 4225 838 4277 Aruuldo
862 4225 893 4276 de
918 4225 1020 4276 Brute
1045 4224 1101 4276 cide
1126 4225 1183 4275 ium
1200 4238 1290 4290 supra
1302 4237 1333 4288 p.
1347 4223 1389 4276 25.
1408 4227 1436 4266 ⁶⁰

273 4294 301 4361 ὃ)
313 4295 389 4358 Quod
395 4294 525 4347 Alterius
537 4295 593 4346 ium
604 4310 691 4361 supra
702 4296 721 4348 l·
732 4297 814 4350 1-3.
827 4311 840 4346 e
851 4295 964 4347 Oronim
976 4295 1096 4346 Martini
1105 4295 1205 4348 retulit.
1255 4291 1282 4362 6)
1296 4291 1391 4344 Etiam

273 4366 305 4418 de
322 4366 494 4419 destracotioue
512 4365 613 4432 Spoleti
628 4368 684 4417 ium
702 4379 789 4432 supra
808 4367 825 4420 l.
839 4368 864 4420 3.
883 4381 896 4416 c
915 4366 1030 4418 &ccicc
1047 4365 1168 4417 Martini
1183 4365 1300 4432 empsit.
