3232 5028
472 443 640 500 ORONIOA
659 445 830 500 ALBERTI
848 445 898 500 DI}
916 445 1089 502 BEZANIS.
1306 452 1338 504 61

216 625 343 690 tempore
360 620 577 690 Rodulphus
595 640 644 678 rex
659 622 850 677 Romanorum
868 626 896 676 et
911 641 960 678 rex
976 623 1145 678 Francorum
1163 641 1227 678 cum
1245 625 1338 679 multis
1348 643 1414 682 nass.
1424 643 1480 691 epp.

216 692 367 747 baronibus
385 709 436 760 pro
456 693 576 747 subsidio
595 695 680 748 Terre
698 694 798 748 Sancte
817 711 897 748 cruce
916 694 1016 763 signati
1034 694 1193 750 fuerunt.
1282 695 1338 750 Hic

216 780 290 832 papa
308 763 362 816 fuit
379 763 449 817 mire
468 765 636 832 experientia
654 766 683 819 in
702 765 877 828 secularibus,
895 782 947 818 nec
965 765 1126 818 intendebat
1143 767 1337 834 peccunisrum

216 834 315 959 libuc‘pis,
344 837 385 887 set
412 851 578 904 pauperrum
606 837 767 891 elemosinis.
814 835 942 889 Mortuus
974 840 1015 889 est
1041 837 1132 890 Aretii
1160 840 1188 891 et
1214 839 1338 906 sepultus

81 951 82 954 ,
177 923 192 962 s
216 923 226 958 1
247 923 256 956 1
277 921 328 960 ern.

325 999 428 1064 Anno
464 1000 606 1064 nomini
639 1000 880 1066 n0ccnxx1.
911 1002 966 1066 ure
997 1002 1074 1065 xx.
1106 1001 1180 1064 ran.
1216 984 1441 1095 eraserffjt,

218 1087 370 1240 guizna&
401 1090 597 1154 venerabile
622 1111 754 1174 corpus,
786 1090 898 1154 fidelis
928 1109 1043 1154 servus
1068 1090 1143 1168 Dei,
1176 1091 1337 1174 migravit

243 1197 261 1240 e
311 1197 350 1241 oc
375 1179 536 1242 moneor.

326 1277 423 1331 *Anno
451 1278 564 1332 Domini
593 1277 817 1336 M⁰OOLXXVL
844 1277 1023 1333 Innocentius
1054 1278 1196 1347 quintusb,
1226 1263 1428 1370 nationefg·„¹{,8

169 1365 198 1404 10
216 1348 382 1417 Burgondus
401 1349 455 1404 de⁰
473 1349 684 1418 osmannae-²,
710 1368 751 1404 ex
768 1354 874 1419 patre
900 1392 989 1406 .....
996 1359 1023 1419 0,
1049 1351 1230 1404 successit
1250 1349 1478 1419 Gra-riaruopp.

217 1437 324 1506 gorio
349 1436 390 1490 X⁰
410 1455 502 1506 pape
525 1431 670 1492 vacante
693 1428 836 1511 inperiO,
861 1439 920 1506 qui
947 1437 1017 1492 sedit
1041 1439 1179 1492 mensibus
1195 1438 1231 1509 V,
1252 1438 1277 1495 d.
1297 1437 1337 1506 II,

219 1511 247 1560 et
266 1507 380 1562 cessavit
397 1513 514 1578 papatus
533 1509 558 1564 d.
572 1509 684 1566 XVIII.
783 1509 850 1564 Hic
869 1509 1105 1563 Inocentiuef
1120 1527 1213 1578 papa
1232 1512 1338 1563 antea

218 1581 421 1633 vocabatur
447 1623 559 1637 .....
567 1590 594 1649 0,
620 1599 636 1634 a
660 1581 778 1649 pueritia
804 1581 897 1634 enim
922 1581 951 1632 in
974 1580 1092 1634 ordines
1108 1581 1224 1634 fratrum
1242 1580 1338 1634 Predi-

219 1653 342 1703 catorum
361 1651 479 1704 existens
497 1651 595 1705 doctor
612 1652 641 1704 in
660 1669 736 1706 sacre
754 1653 889 1720 scriptura
908 1651 1022 1705 eximius
1041 1651 1169 1708 efficitur.
1206 1651 1338 1704 Deinde

170 1735 198 1775 15
217 1721 246 1773 in
273 1721 508 1790 archiepiscopum
533 1722 747 1792 Lugdunensem
773 1726 801 1776 et
826 1726 888 1790 post
913 1722 942 1774 in
967 1723 1126 1790 episcopum
1151 1722 1336 1790 Hostiensem,

217 1791 329 1844 tandem
355 1793 384 1844 in
409 1810 545 1845 summum
569 1793 729 1862 pontificem
755 1794 895 1848 asumitur.
1002 1791 1058 1846 Hic
1080 1793 1147 1846 licet
1170 1793 1256 1846 multe
1274 1810 1337 1862 pro·

217 1864 352 1930 posuisset
370 1863 472 1932 facere,
498 1868 588 1918 morte
605 1869 752 1934 preventus
771 1864 810 1916 nil
828 1863 950 1917 notabile
968 1863 1041 1918 fecit.
1150 1863 1277 1918 Mortuus
1296 1867 1337 1916 est

216 1933 307 1987 Rome
326 1934 401 1987 etin
420 1934 598 1988 Lateranensi
617 1936 732 1990 ecclesia
750 1933 932 2004 seppelisurh.

325 2023 420 2076 *Anno
445 2024 557 2077 Domini
581 2023 807 2078 M⁰OOLXXVL
843 2022 983 2076 Adrianus
996 2022 1054 2076 Vus
1074 2021 1198 2091 papai,
1224 2023 1441 2078 nationesne.

168 2109 198 2148 20
215 2092 367 2161 Ianuensis,
388 2111 428 2147 ex
445 2099 550 2162 patre
570 2137 682 2152 .....
690 2105 717 2160 θ,
742 2094 832 2148 Rome
852 2093 963 2164 eligitur
980 2094 1009 2147 in
1027 2094 1130 2162 palatio
1148 2093 1336 2160 Lateranensi,

216 2165 276 2231 qui
303 2164 373 2217 sedit
391 2182 485 2218 mense
503 2183 558 2219 uno
578 2169 605 2220 et
624 2165 650 2222 d.
663 2165 797 2233 V11110r,
823 2169 850 2218 et
876 2165 990 2218 cessavit
1014 2169 1131 2233 papatus
1149 2164 1175 2220 d.
1188 2163 1335 2232 xxvl113

217 2252 278 2320 qui
297 2254 479 2307 successit
496 2253 741 2308 Innocentiof
763 2253 892 2322 quinto
917 2271 1008 2322 pape
1035 2245 1180 2305 vacante
1203 2241 1336 2323 inperio

218 2323 286 2410 [etk
304 2329 375 2393 tuit
399 2331 441 2394 de
466 2331 649 2396 comitibus
665 2331 816 2394 Lasanie
836 2332 878 2395 de
895 2325 1030 2412 Fliscol.
1120 2339 1178 2394 Iste
1197 2339 1337 2394 Adrianus

215 2429 302 2480 nepos
321 2412 480 2466 Inocentiif
502 2415 594 2481 quarti
618 2431 709 2482 pape
735 2418 762 2467 et
788 2414 822 2466 ab
847 2414 907 2482 ipso
925 2413 954 2466 in
973 2413 1141 2467 cardinalem
1159 2411 1233 2465 tituli
1251 2411 1338 2464 saneti

168 2497 196 2538 25
215 2483 352 2536 Adrianil
378 2488 535 2553 promotus,
561 2503 577 2538 a
602 2485 713 2538 domino
740 2484 882 2538 Clemente
907 2483 1000 2538 ΙΙΙΙῑο
1020 2485 1126 2554 legatus
1151 2483 1180 2536 in
1204 2481 1337 2552 Angliam

216 2571 268 2622 pro
288 2571 396 2623 guerra,
422 2572 475 2623 que
494 2555 618 2610 ibidem
637 2556 821 2625 interregem
841 2559 868 2609 et
886 2555 1002 2609 barones
1021 2559 1081 2610 orta
1100 2554 1197 2624 fuerat,
1217 2552 1337 2607 sedanda

216 2625 314 2677 missus
339 2625 399 2681 fuit.
525 2626 580 2680 Hic
605 2644 677 2696 papa
702 2627 794 2679 statim
820 2627 1052 2693 constitutionem,
1079 2642 1161 2693 quam
1179 2641 1251 2694 papa
1271 2623 1337 2678 Gra·

216 2697 311 2765 gorius
329 2696 386 2750 Χ118
407 2697 436 2749 in
454 2697 570 2751 concilio
587 2697 765 2768 Lugdunensi
784 2697 818 2750 de
836 2697 1008 2750 restrictione
1027 2696 1206 2750 cardinalium
1224 2699 1338 2764 propter

217 2767 381 2820 electionem
400 2767 499 2820 summi
518 2767 654 2836 pontificis
674 2768 805 2837 ediderat,
830 2767 979 2836 suspendit,
1002 2783 1158 2836 proponens
1177 2782 1236 2819 eam
1257 2765 1337 2839 aliter

170 2853 197 2892 30
217 2837 353 2908 ordinare,
379 2843 421 2892 set
445 2843 534 2892 morte
559 2843 705 2908 preventus
731 2838 952 2892 constitutionem
978 2839 1016 2892 sic
1041 2839 1199 2906 suspensam
1217 2835 1336 2904 reliquit.

216 2907 287 2962 Hic
304 2927 396 2978 papa
408 2909 528 2964 Viterbii
542 2911 658 2963 moritur
677 2913 704 2962 et
722 2910 909 2978 seppeliturffl.

325 2997 419 3051 *Anno
438 2997 551 3051 Domini
569 2997 817 3054 M⁰OG⁰LXX⁰VI
846 2997 963 3080 Iohanes
978 2996 1081 3079 xmus
1102 3006 1207 3078 papan,
1224 2995 1336 3050 natione
1346 2981 1440 3085 fffl,

218 3067 354 3136 Yspanus,
380 3073 543 3138 expatre
563 3111 652 3126 .....
659 3080 686 3137 θ,
712 3073 893 3124 successit
911 3069 1075 3122 Adrlsno
1098 3070 1227 3136 quinto
1245 3083 1337 3135 pape

171 3301 198 3340 a
216 3247 677 3352 trusus
690 3249 965 3339 steterunt
979 3250 1060 3349 a„
1073 3246 1337 3339 ,recurrit

217 3353 311 3400 (duabus
325 3331 406 3392 setosi
415 3355 492 3403 waste)
507 3355 551 3392 tam
565 3355 589 3392 s'n
603 3355 648 3393 loco
662 3365 713 3392 raso
727 3311 944 3403 scrtjrtum,lietet.pp
970 3354 991 3405 e)
1009 3312 1109 3402 pastun?
1123 3353 1206 3392 nemim¹
1220 3343 1337 3392 inserendo

217 3409 286 3446 vacua
341 3407 402 3454 nete
415 3408 464 3446 lul.
481 3419 498 3448 c.
553 3407 574 3458 g)
588 3417 630 3456 seq.
645 3408 676 3446 tm
691 3408 752 3446 delet.
816 3407 840 3457 b)
854 3407 938 3456 reliqua
947 3417 1004 3456 pars
1017 3407 1088 3445 mutor
1097 3407 1192 3456 popinae
1206 3405 1253 3446 178.
1268 3409 1338 3444 rectas

216 3463 288 3498 meat.
351 3460 367 3510 i)
385 3461 409 3498 ἐκ
422 3471 506 3509 marn:
520 3461 583 3509 Papa
597 3459 709 3500 Adrianus
723 3461 771 3500 Vm.
826 3459 850 3512 k)
867 3460 927 3499 uncis
940 3461 1025 3498 inclusa
1037 3461 1061 3498 tn
1074 3471 1143 3508 morgi.
1157 3459 1184 3498 ab
1198 3459 1249 3498 Alo.
1264 3459 1335 3506 suppl.

217 3513 233 3560 l)
249 3509 367 3562 Andriani,
378 3513 457 3562 priora
471 3525 486 3552 n
500 3517 604 3562 carpuneto
618 3525 675 3553 corr.
690 3511 786 3552 Adriani
800 3525 817 3554 e.
886 3513 916 3564 m)
935 3515 1020 3563 reliqua
1029 3524 1086 3562 pars
1099 3513 1170 3552 motor
1179 3512 1275 3561 paginas
1289 3511 1335 3550 178.

170 3568 199 3606 40
217 3575 291 3603 rersae
304 3570 371 3606 vacat.
426 3568 449 3615 n)
468 3567 492 3605 in
505 3577 591 3614 marm:
605 3568 667 3616 Papa
679 3567 776 3606 Iohanes
790 3567 870 3606 mm.

326 3709 352 3776 1)
376 3709 416 3761 De
441 3725 493 3775 quo
517 3709 574 3760 vide
591 3711 660 3760 Acta
677 3709 725 3764 SS.
744 3709 806 3764 Iun.
825 3709 864 3775 II,
884 3725 910 3775 p.
923 3711 977 3764 210
985 3725 1024 3774 sq.
1063 3707 1103 3772 Of.
1122 3705 1199 3760 Necr.
1224 3707 1337 3758 maioris

217 3780 336 3831 emtas-ias
368 3779 497 3846 Cromen,
529 3780 664 3832 ‘Arcisius'o
694 3783 791 3832 storico
820 3779 980 3832 Lombordd
1010 3778 1067 3829 VII
1092 3778 1195 3843 (1880),
1221 3777 1336 3844 12568:

217 3847 399 3904 MOOLXXI.
426 3851 455 3917 (i,
474 3867 494 3904 e.
516 3852 719 3904 ravennnae
743 3852 960 3918 eomputationis)
987 3847 1032 3900 die
1056 3846 1135 3900 Lune
1160 3845 1271 3902 XVIII.
1295 3846 1336 3900 in·

217 3922 308 3972 trente
326 3919 456 3974 Ianuario
475 3920 561 3974 frater
578 3919 685 3989 Fecius,
711 3920 771 3974 auri
796 3924 823 3974 et
842 3920 949 3989 argenti
967 3918 1086 3986 optimus
1106 3917 1263 3986 fabricator,
1288 3935 1336 3971 na·

172 4000 199 4039 45
218 3989 293 4042 tione
306 3989 479 4060 Veronensis,
499 3989 634 4045 Cremona
652 3992 686 4044 ab
706 3991 891 4046 adolescentia
911 4007 959 4042 sua
976 3989 1104 4057 nutritus,
1123 3989 1157 4042 de
1169 3988 1223 4042 hoc
1235 3989 1335 4057 seculo,

217 4061 246 4112 in
272 4078 326 4128 quo
351 4079 401 4130 per
426 4063 623 4131 quinquaginta
649 4079 735 4115 annos
760 4065 788 4116 et
812 4062 873 4130 plus
899 4077 1028 4129 maguam
1054 4063 1082 4113 et
1100 4059 1214 4113 arduam
1233 4059 1336 4113 fecerat

217 4131 407 4198 penitentiam,
419 4133 447 4184 in
460 4137 599 4187 senectute
611 4133 684 4186 bona
696 4133 823 4203 migravit
836 4131 871 4184 ad
883 4130 1039 4186 Dominum.
1067 4129 1150 4184 Ouius
1163 4146 1261 4198 corpus
1273 4131 1336 4196 post

219 4201 325 4254 obitum
350 4219 429 4254 suum
454 4204 572 4257 secunda
597 4204 642 4257 die
667 4205 696 4256 in
721 4202 835 4257 ecclesia
853 4201 952 4255 maiori
970 4200 1104 4255 Oremone
1124 4244 1129 4256 .
1150 4243 1156 4256 .
1177 4243 1182 4256 .
1203 4200 1256 4252 fuit
1275 4243 1280 4253 .
1301 4240 1307 4252 .
1328 4240 1334 4252 .

219 4273 356 4339 sepultum
374 4280 418 4328 etc.
437 4276 564 4327 ailbertus
587 4291 654 4342 quae
679 4277 710 4327 de
728 4276 812 4327 Facio
829 4274 905 4327 habet
923 4290 956 4326 ac
975 4275 1031 4325 ulio
1049 4273 1207 4336 necrologio,
1232 4272 1261 4320 in
1285 4283 1336 4334 quo

172 4353 201 4392 oo
218 4343 273 4394 dies
302 4345 456 4410 sepulturae
487 4348 629 4398 adnotatus
659 4347 745 4409 fuisse
774 4347 890 4410 videor,
927 4360 986 4397 eum
1022 4344 1197 4408 assumpsisse
1226 4341 1334 4393 conicio.

219 4413 247 4481 2)
264 4414 434 4466 Tarantasia
451 4419 490 4469 uel
506 4417 700 4482 Iboruntusia,
718 4423 748 4468 ut
766 4416 881 4468 Martia.
902 4415 1001 4482 oppos.
1020 4414 1104 4467 habet.
