3232 5028
325 449 360 504 50
574 444 742 501 ORONIOA
760 443 930 500 ALBERTI
948 444 998 498 DE
1017 443 1190 501 BEZANIS.

228 599 315 711 Ilffllfi
326 629 382 694 die
414 628 538 692 ultimo
569 627 667 690 Iullii
676 627 696 691 1·
816 637 923 692 Eodem
950 655 1022 692 anno
1045 637 1117 692 cives
1140 637 1447 708 Constantinopolitani,

187 722 231 762 ars.
241 722 287 764 coa.
297 722 316 764 1.
325 712 456 765 Alexium
473 715 649 780 tyrampnum
672 710 803 764 habentes
821 726 943 778 exosum,
963 708 1100 777 quendam
1116 707 1250 762 Iobanem
1269 715 1447 766 coronarunt.

326 782 374 837 Set
399 783 433 836 ab
459 781 560 836 eisdem
586 783 614 834 in
639 781 741 850 palatio
765 780 911 834 destitutus
936 783 984 836 est.
1021 779 1103 834 Unde
1129 783 1157 833 et
1182 783 1264 833 nocta
1282 782 1447 848 proximae

326 853 461 923 Varangis
477 853 571 906 Alexii
589 853 707 908 occissus
726 855 775 908 est.
804 851 839 905 In
858 868 912 920 quo
931 850 1061 904 conflictu
1079 867 1148 919 puer
1159 849 1262 904 Ysachi
1281 851 1316 904 de
1334 868 1447 906 carcere

182 925 466 983 amomliberatur.
557 922 690 976 Eodem
709 940 789 989 anno,
808 922 879 976 siout
897 939 914 974 a
932 923 1104 990 plurisque⁸
1119 921 1245 988 traditur,
1265 921 1446 975 Tartarorum
1465 935 1478 974 5

326 995 479 1049 dominium
497 994 607 1047 initium
625 991 753 1048 habuitb.
790 992 840 1045 Hii
859 993 932 1046 enim
950 993 1001 1045 sub
1020 992 1160 1046 montibus
1178 991 1259 1046 Indie
1284 993 1313 1044 in
1330 993 1446 1062 regione

325 1066 399 1120 dicta
418 1065 533 1118 Tartara
555 1064 704 1132 constituti,
728 1063 871 1117 dominum
889 1081 968 1116 sunm
987 1062 1067 1117 Indis
1086 1063 1175 1116 David
1200 1063 1319 1131 nomine,
1344 1062 1446 1116 fillium

324 1136 455 1190 Iohannis
480 1135 634 1204 presbiteri,
660 1133 822 1203 occidentes,
849 1133 884 1188 ad
902 1134 1144 1203 depopulationem
1163 1134 1290 1188 alliarum
1308 1137 1446 1188 terrarum

344 1209 522 1262 recesserunt.

270 1226 342 1320 &lep
432 1277 515 1330 Anno
542 1275 655 1329 Domini
681 1274 810 1330 moon.
856 1274 935 1330 Inter
965 1273 1181 1328 Cremonensese
1211 1280 1239 1329 et
1269 1275 1444 1330 Placentinos
1466 1290 1491 1328 ro

324 1347 400 1416 pacis
419 1347 513 1401 federa
531 1349 737 1416 conponuntur3
765 1363 819 1414 quo
846 1363 917 1400 anno
943 1347 1020 1414 quasi
1044 1345 1147 1399 iubileo
1170 1345 1227 1400 lere
1245 1347 1274 1398 in
1292 1350 1352 1400 tota
1370 1347 1445 1400 Lon-

325 1418 422 1472 bardis
448 1422 546 1487 treuge
573 1417 747 1472 vinculantur
774 1417 803 1470 in
830 1417 924 1473 lustro.
970 1416 1005 1470 In
1032 1433 1086 1485 quo
1114 1417 1200 1470 lustro
1226 1417 1363 1471 maximus
1390 1417 1445 1470 luit

324 1493 416 1543 motus
433 1489 642 1558 peregrinorum
667 1488 790 1542 euntium
815 1489 887 1541 ultra
912 1504 1011 1543 marre.
1047 1486 1125 1541 Inter
1147 1505 1215 1556 quos
1233 1488 1365 1542 fuerunt
1382 1506 1443 1558 pre·

325 1560 413 1629 oipui:
441 1559 591 1613 Balduinus
616 1575 708 1613 comes
725 1557 895 1626 Flandensis,
922 1557 1077 1613 Lodovicus
1105 1557 1217 1612 comesfl
1239 1559 1388 1613 Blessensis
1416 1563 1444 1613 et

324 1630 482 1684 Bonifacius
500 1629 622 1683 marchio
640 1629 856 1698 Montisferrati;
884 1629 931 1698 qui
958 1645 1052 1682 omnes
1080 1629 1153 1698 apud
1175 1629 1302 1684 Venetiae
1328 1647 1443 1700 congre·
1465 1643 1490 1682 ιο

361 1702 383 1754 ti
402 1718 464 1756 cum
477 1700 591 1756 Venetis
609 1700 722 1768 apud0
739 1700 858 1754 Zadram
876 1700 1057 1768 municipium
1069 1700 1183 1755 Venetis
1207 1701 1288 1754 nimis
1313 1700 1443 1754 infertum

344 1775 526 1827 astruxerunt.
562 1770 673 1825 Interea
697 1788 767 1840 puer
784 1771 909 1838 Alexius,
934 1770 1016 1824 fillius
1041 1771 1203 1839 inperatori
1215 1771 1332 1840 Ysachi,
1352 1771 1442 1825 Ocn-

325 1843 683 1912 stantinopolitanus
702 1841 736 1896 de
755 1859 864 1897 carcere
882 1842 1014 1896 liberatus
1032 1841 1153 1910 Filipum
1172 1846 1329 1911 cognatum,
1347 1860 1443 1912 regem

324 1913 484 1982 Alamanie,
512 1913 591 1982 adiit,
620 1914 775 1982 supplicans
803 1913 855 1966 sibi
882 1913 1014 1965 auxilium
1041 1912 1175 1981 inpertiri
1220 1913 1304 1966 Anno
1331 1913 1444 1966 Domini

324 1984 482 2040 M0001110.
519 1984 583 2038 Dux
602 1983 741 2038 Venatum
766 1984 905 2051 ceterique
929 1983 1044 2037 barones
1069 1983 1292 2038 adholescentem
1311 1984 1444 2037 Alexium
1463 1997 1492 2035 so

324 2056 490 2109 unanimiter
517 2059 683 2109 assumentes
711 2054 745 2107 ad
772 2053 907 2108 Illiricum
934 2059 1127 2123 pervenerunt.
1167 2053 1299 2108 Intereaf
1321 2055 1444 2108 Venetos

325 2129 483 2194 ceterosque
507 2125 621 2180 Latinos
644 2124 909 2194 Constantinopolim
936 2128 1074 2178 morantes
1101 2124 1253 2179 Grecorum
1280 2129 1308 2178 et
1332 2124 1444 2178 Maran-

325 2197 460 2251 choruma
482 2195 587 2250 deserit
609 2195 746 2261 atrocitas,
776 2211 822 2248 eos
840 2195 994 2265 inpugnans
1012 2199 1040 2248 et
1058 2195 1192 2253 occidens.
1229 2195 1352 2264 (lamque
1371 2195 1445 2250 cives

325 2266 470 2320 ammoniti
499 2265 694 2335 legiptimum&
722 2265 864 2318 dominum
900 2265 1022 2335 recipere
1057 2265 1272 2338 recusantesh,
1309 2267 1444 2321 irruentes

325 2336 417 2392 Latini
442 2336 556 2392 viriliter
580 2337 676 2390 urbem
694 2335 782 2406 ipsam
800 2341 932 2405 ceperunt
951 2341 978 2390 et
995 2337 1129 2406 palatium
1148 2337 1314 2391 obsederunt
1332 2341 1360 2391 et
1379 2355 1444 2391 con·
1464 2349 1494 2388 25

324 2406 537 2476 prehenderunt.
575 2406 693 2460 Demum
718 2411 799 2476 capta
823 2407 891 2461 urbe
917 2411 945 2462 et
963 2407 1130 2476 depopulata
1148 2412 1175 2460 et
1194 2423 1228 2461 ex
1246 2425 1347 2477 magna
1363 2411 1445 2477 parte

326 2478 458 2534 conbusta
469 2483 630 2546 tyrampnus
642 2477 756 2547 aufugit.
787 2475 900 2532 Isaohus
915 2479 1075 2548 restituitur,
1095 2482 1123 2532 et
1135 2477 1250 2532 Alexius
1267 2478 1444 2533 adholescens

217 2551 355 2607 *arronin
384 2566 478 2603 mense
507 2547 590 2602 Iullio
620 2548 649 2602 in
680 2547 811 2603 ecclesiai
843 2552 934 2604 sancte
965 2549 1081 2618 *Sophia
1111 2549 1257 2618 magnifice
1287 2554 1444 2605 coronatur.

325 2620 425 2674 Postea
443 2637 506 2674 cum
526 2618 608 2673 Greci
625 2618 740 2673 Latinos
757 2619 890 2688 publicek
908 2621 1013 2674 iniuriis
1031 2619 1124 2672 multis
1143 2619 1324 2690 affligerent
1343 2624 1371 2673 et
1388 2622 1445 2690 pri·

325 2690 411 2744 vatim
430 2689 595 2760 occiderent,
613 2690 707 2744 Latini
726 2691 823 2744 urbem
836 2692 1034 2745 conbusserunt
1053 2694 1080 2744 et
1097 2690 1212 2759 predam
1228 2691 1378 2744 maximam
1397 2708 1444 2744 ex·
1463 2703 1493 2742 eo

325 2765 511 2831 portaverunt.
548 2761 595 2815 Ad
619 2761 670 2816 bec
695 2779 758 2815 curn
776 2765 937 2830 tyrampnus
955 2763 991 2814 in
1008 2760 1223 2830 Andrinopolim
1242 2779 1270 2816 se
1288 2763 1444 2830 recepisset,

300 2852 303 2857 ·
326 2833 467 2904 inperator
484 2833 639 2886 Alexius
664 2833 906 2886 adholesoens
932 2833 1048 2886 collecto
1074 2833 1196 2886 exercitu
1214 2849 1276 2886 cum
1294 2833 1445 2886 baronibus

326 2923 390 2960 eum
408 2905 515 2975 fugavit
534 2908 562 2958 et
580 2903 707 2956 Traciam
726 2903 779 2956 sibi
797 2903 960 2972 subiugavit.
992 2901 1042 2957 Set
1060 2920 1123 2957 cum
1140 2902 1317 2973 peregrinisl
1336 2903 1444 2974 magnis

326 2974 521 3029 remunerandi
531 2973 669 3043 promissis
681 2972 914 3027 beneficiorumm
926 2973 1050 3044 ingratus
1067 2974 1195 3041 instaret,
1216 2975 1287 3027 clam
1306 2977 1333 3028 st
1351 2975 1445 3043 palam

326 3045 497 3100 beneffioiisn
514 3045 679 3100 adversatur.
715 3042 806 3113 Igitur
831 3052 926 3098 cum⁰
947 3044 1019 3097 inter
1035 3044 1150 3098 Latinos
1176 3049 1210 3098 et
1228 3044 1363 3098 Grecos
1388 3045 1445 3098 zin·
1464 3056 1493 3095 aa

326 3115 430 3169 zanua
452 3114 591 3168 seminatis
610 3113 699 3181 Greci,
724 3113 856 3168 habentes
881 3113 1129 3183 inperatorem
1156 3131 1277 3183 exosum,
1306 3116 1444 3184 quendam

326 3185 536 3239 Constantinum
547 3185 731 3254 inperatorem
748 3184 762 3237 f
767 3184 874 3253 sciunt,
888 3186 1006 3254 populus
1018 3189 1111 3240 autem
1123 3186 1254 3240 Alexium
1267 3185 1445 3240 Murzifluum

327 3256 476 3312 coronavit.
521 3255 557 3310 In
583 3273 638 3324 qua
665 3255 841 3310 contentione
867 3261 1014 3326 prepotens
1040 3257 1094 3310 fuit
1121 3257 1237 3311 Alexim
1264 3256 1443 3313 Murzufluus.

326 3327 442 3384 Alexius
461 3343 527 3380 vero
545 3326 729 3394 adholescens,
755 3344 818 3381 cum
836 3327 884 3381 vix
908 3331 1014 3396 septem
1032 3328 1171 3382 mensibus
1188 3332 1336 3398 regnasset,
1361 3327 1444 3382 suffo-

328 3401 413 3454 catur.
458 3396 573 3451 Isachus
602 3414 688 3451 vero
718 3401 798 3466 pater
828 3398 885 3451 eius
915 3398 1039 3454 moritur.
1088 3399 1243 3452 Alexius
1273 3398 1445 3452 Murzufluus
1463 3409 1492 3448 ιο

326 3473 480 3538 tyrapnus³
497 3485 514 3520 a
530 3467 681 3538 peregrinis
693 3467 728 3522 de
744 3469 880 3523 solutione
891 3485 953 3538 rep
962 3470 1095 3523 entitusl)
1109 3470 1215 3524 solvere
1227 3469 1444 3526 deficerem.

326 3540 501 3610 Quapropter
514 3537 615 3594 Veneti
632 3538 749 3608 parittsr
772 3543 800 3593 et
822 3539 960 3610 peregrini
986 3540 1152 3594 unanimiter
1178 3540 1356 3610 medianto,
1384 3540 1445 3594 uni-

326 3627 434 3666 versam
453 3610 594 3680 regionem
621 3610 650 3662 in
677 3609 794 3663 circuitu
812 3609 1003 3679 depopulant²
1028 3614 1055 3664 et
1083 3610 1277 3679 Murzufiuum,
1305 3610 1371 3664 dum
1399 3611 1445 3664 die

327 3680 444 3750 quadam
456 3681 485 3734 in
497 3679 647 3735 nemorosis
659 3680 758 3734 lateret
770 3680 881 3749 insidiis,
897 3681 1037 3751 infugant
1045 3692 1070 3749 r,
1088 3681 1202 3736 fratrem
1215 3683 1272 3736 eius
1285 3685 1313 3735 et
1324 3681 1445 3738 vexilum

433 3859 455 3910 a)
469 3861 499 3900 sic
512 3871 531 3902 e.
592 3859 616 3911 b)
630 3859 722 3898 Initium
735 3859 882 3899 Tartarorum
896 3857 990 3899 dominii
1003 3860 1027 3898 ln
1040 3870 1111 3908 marg.
1159 3861 1180 3914 c)
1195 3855 1286 3901 cremon
1299 3871 1317 3901 c.
1363 3857 1387 3912 d)
1401 3870 1444 3910 aeg.
1464 3863 1493 3903 45

326 3910 408 3951 blebcn
425 3913 486 3956 delet.
553 3913 574 3965 e)
594 3910 655 3962 apud
673 3913 793 3952 mundum.
861 3913 978 3962 oaupple
995 3913 1025 3954 ln.
1095 3912 1117 3965 g)
1137 3915 1255 3964 legisplmu
1272 3925 1291 3953 c.
1356 3913 1380 3964 b)
1402 3914 1446 3962 lege

326 3970 465 4005 recusarent.
521 3966 536 4015 1)
552 3965 587 4006 ea'
603 3977 621 4006 c.
676 3965 700 4016 lr)
718 3965 814 4015 pubblce
829 3967 894 4013 (corr.
909 3966 1009 4015 publice)
1025 3977 1042 4007 e.
1089 3967 1106 4019 l)
1119 3967 1234 4018 peregrini
1247 3967 1290 4007 Sic.
1344 3967 1375 4017 m)
1393 3970 1446 4006 nota

327 4018 435 4057 loctunam
448 4019 529 4058 soalon
543 4021 554 4058 1
568 4019 666 4066 Sicera&
686 4019 805 4068 lnstarent,
820 4019 895 4059 bonel.
910 4019 967 4067 lngr.
982 4019 1024 4063 sle.
1104 4019 1128 4071 n)
1148 4021 1181 4060 sle
1201 4031 1249 4060 esem
1267 4019 1365 4059 omnibus
1382 4020 1444 4058 codd.

327 4070 429 4110 Oresteae
447 4071 581 4112 Sieardlnce.
650 4071 672 4123 o)
692 4072 752 4114 inter
770 4082 822 4112 eum
841 4076 864 4112 et
881 4073 931 4116 Lat,
949 4073 991 4112 sle,
1059 4073 1083 4125 p)
1105 4073 1149 4124 lega
1167 4073 1290 4122 impetitus.
1357 4073 1446 4123 pleps

326 4122 444 4165 dlldtetur.
498 4125 518 4175 r)
532 4126 577 4174 lege
590 4125 697 4172 effugant.
1465 4128 1493 4168 50

434 4265 461 4336 1)
480 4265 579 4318 Lenem
598 4282 616 4317 a
630 4266 729 4334 Campo
746 4281 780 4318 ex
797 4267 890 4318 iisdem
903 4267 976 4318 Ana.
990 4267 1110 4321 Oronoa.
1122 4268 1267 4334 deperditis
1282 4269 1447 4334 asumptum

326 4337 384 4390 vide
402 4336 449 4392 SS.
468 4337 577 4403 XXXI,
598 4339 685 4403 p.11,
709 4353 737 4392 a.
750 4339 783 4404 43
811 4337 847 4401 cf.
866 4336 922 4392 Iar.
941 4335 1084 4391 Maloecias
1098 4337 1162 4404 VII,
1175 4341 1219 4406 82,
1239 4339 1255 4394 l.
1275 4339 1301 4405 1.,
1326 4338 1376 4391 ube·
1398 4338 1447 4391 hoe

322 4408 459 4474 proelium
477 4423 570 4462 mense
588 4404 711 4460 Ianuarii
729 4409 898 4461 commissum
914 4423 969 4462 ease
985 4409 1092 4464 dicitur.
