3232 5028
252 423 281 478 X
695 419 927 478 PRAEFATIO.

253 604 411 688 adscripta
440 602 666 686 reperirentur,
695 602 726 668 si
749 601 845 684 prior
864 623 948 685 pars
975 601 1130 668 Granicae
1155 601 1279 668 inedita
1302 602 1374 668 dili·

251 701 361 778 penter
383 692 633 776 perquireretur,
664 692 748 773 quod
774 713 823 756 me
845 712 911 756 uon
938 691 1051 770 fecisse
1077 697 1183 773 aperte
1207 693 1372 773 profiteor.

253 783 343 848 Hinc
377 782 622 848 concludendum
651 786 696 845 est
729 780 895 845 Albertum
924 781 1057 845 eundem
1086 780 1221 846 codicem
1251 780 1373 846 chroni-

253 893 360 937 corum
397 870 615 952 antiquorum,
651 867 860 934 continentem
893 868 993 934 Pauli
1026 868 1156 935 diaconi
1191 867 1373 934 Historiam

253 960 539 1042 Lanpobardorum
561 979 631 1024 cum
651 957 896 1024 Continuatione
914 957 1073 1038 Romana,
1097 957 1263 1041 Anonymi
1285 958 1404 1022 Vale-s

252 1049 341 1114 siam
357 1055 485 1131 partem
502 1046 718 1129 posteriorem,
749 1052 895 1128 excerpta
917 1067 956 1110 eu
978 1045 1088 1111 Bedae
1115 1045 1276 1112 Chronico
1303 1067 1373 1112 cum

258 1136 503 1204 Continuatione
533 1156 632 1216 supra
663 1134 763 1215 dicta,
799 1133 1018 1216 propinquum
1050 1141 1079 1199 et
1100 1134 1298 1200 simillimum
1328 1156 1372 1200 co-

253 1225 333 1292 dicis
363 1223 512 1290 Palatini
534 1244 618 1306 prae
640 1222 789 1288 manibus
814 1222 970 1304 habuisse,
994 1243 1083 1304 quem
1107 1246 1129 1289 a
1152 1221 1288 1290 Sicardo
1311 1223 1372 1304 epi·
1459 1249 1462 1252 ’

252 1335 343 1396 scopo
365 1312 557 1397 asscriptum
579 1333 645 1377 esse
667 1311 881 1376 demonstrari
890 1312 910 1376 ¹.

360 1402 494 1466 Praeter
508 1401 585 1467 laec
594 1399 793 1482 paucissimo
808 1399 845 1464 iu
865 1399 1004 1465 Granico
1018 1400 1145 1466 Alberti
1159 1400 1371 1482 reperiuntur,
1392 1425 1417 1464 10

253 1512 334 1574 quae
356 1512 395 1556 ea
421 1488 559 1555 Oronica
582 1488 768 1554 breuissima
794 1489 958 1570 deperdita
987 1524 1031 1533 -
1054 1489 1244 1571 pontificum
1266 1496 1296 1555 et
1316 1489 1372 1554 im·

246 1586 442 1662 paratorum,
466 1585 501 1642 ut
523 1577 637 1660 opinor
660 1613 700 1622 -
725 1584 870 1659 excerpta
893 1599 958 1642 esse
980 1577 1061 1642 satis
1084 1585 1225 1659 apparet,
1249 1578 1287 1643 in
1308 1599 1373 1660 qua

250 1669 362 1750 procul
387 1667 482 1733 dubio
505 1666 579 1748 lepit
600 1667 746 1746 fabulam
767 1667 928 1748 culpatam
959 1668 997 1732 de
1019 1688 1102 1748 pace
1133 1667 1249 1732 Veneta
1278 1666 1372 1746 infra

247 1779 282 1840 p.
308 1763 360 1837 37,
391 1757 412 1820 l.
437 1761 583 1836 31—34,
614 1755 673 1820 illa
703 1757 741 1820 de
771 1755 972 1820 coronatione
998 1762 1027 1820 et
1053 1754 1372 1820 excommunicatione

257 1845 380 1911 Ottonis
395 1845 461 1911 IV.
485 1843 688 1927 imperatoris
704 1865 740 1925 p.
757 1850 809 1924 43,
834 1845 854 1907 l.
872 1850 924 1908 29.
943 1851 995 1908 30.
1020 1851 1050 1908 11
1058 1866 1093 1926 p.
1111 1850 1163 1925 44,
1187 1845 1207 1908 l.
1228 1848 1370 1922 10—14,
1391 1866 1417 1904 15

252 1934 351 2016 alial,
372 1933 564 2017 praesertim
583 1935 739 2014 quaedam
757 1934 795 1997 de
809 1932 963 2015 repimine
975 1932 1175 2014 pontificum,
1199 1953 1303 1998 annos
1324 1931 1372 1997 in·

253 2023 453 2089 carnationis
469 2022 680 2105 potissimum,
704 2021 817 2102 quibus
840 2021 939 2086 creati
961 2021 1036 2102 sint,
1060 2020 1227 2103 aliquoties
1253 2042 1291 2086 eu
1313 2020 1373 2086 illa

257 2112 395 2178 Orontea
414 2133 483 2176 eum
502 2109 715 2192 adsumpsisse
730 2131 837 2175 censeo
853 2131 909 2174 nec
924 2109 1039 2191 dubito,
1063 2109 1142 2191 quin
1156 2130 1257 2174 unum
1272 2109 1373 2174 locum

252 2222 291 2266 en
319 2199 499 2265 Bonieonis
528 2198 685 2264 breviario
714 2219 821 2263 rerum
848 2205 1009 2280 pastorum
1035 2197 1223 2280 pontificum
1257 2197 1372 2262 Romo-

252 2290 388 2354 norum³
396 2289 576 2371 profectum
599 2285 645 2369 (p.
664 2294 693 2369 7,
710 2287 731 2352 1.
749 2294 802 2352 21.
820 2286 879 2370 22)
895 2286 932 2352 in
947 2309 986 2353 ea
1001 2287 1141 2369 leperit4.
1165 2286 1277 2352 Etiam
1292 2307 1372 2368 quae
1391 2310 1418 2348 11

246 2399 282 2461 p.
300 2384 352 2459 57,
376 2377 396 2442 l.
416 2384 467 2442 11.
495 2383 545 2440 12.
562 2377 625 2442 etl.
644 2382 785 2440 30-32.
810 2378 847 2440 de
867 2375 1022 2458 Greporio
1038 2375 1107 2440 IX.
1125 2398 1216 2458 papa
1239 2375 1317 2441 dicit
1334 2395 1373 2440 ea

251 2464 1372 2547 leocOronicaeumrepetioisseputonequeultratemporaluiuspapae

251 2577 322 2621 eam
339 2555 526 2636 perductam
542 2554 652 2635 fuisse,
677 2560 831 2636 cumpost
851 2555 928 2619 laec
946 2554 1054 2618 nullus
1072 2554 1157 2618 locus
1178 2553 1278 2618 eidem
1299 2552 1372 2617 iure

251 2643 479 2709 adscribendus
489 2643 526 2709 in
543 2642 681 2709 (ironica
690 2641 816 2708 Alberti
829 2641 1023 2708 inueniatur.
1046 2642 1102 2706 Ea
1116 2642 1174 2708 loc
1184 2641 1279 2706 etiam
1291 2641 1371 2706 libro

251 2739 363 2798 auctor
373 2753 482 2814 pauca
497 2732 565 2797 alia
580 2732 618 2797 de
626 2731 843 2814 pontificibus,
876 2752 957 2814 quae
973 2731 1011 2796 in
1025 2729 1158 2813 rollonis
1173 2729 1266 2796 libris
1281 2731 1321 2795 ab
1336 2749 1371 2794 eo
1389 2751 1415 2791 11

251 2820 418 2903 exscriptos
432 2842 497 2886 non
508 2821 662 2904 lepuntur,
679 2820 893 2902 adsumpsisse
904 2820 1036 2886 oidetnr.
1062 2819 1199 2902 Studuit,
1215 2826 1251 2885 ut
1261 2818 1371 2901 cuique

244 2909 396 2992 pontifici
406 2913 581 2991 adnotaret,
593 2909 649 2974 ubi
660 2916 764 2990 uatus,
777 2909 951 2991 quispater
961 2908 1029 2974 eius
1040 2909 1162 2990 fuisset,
1175 2930 1236 2990 quo
1244 2907 1371 2973 nomine

251 3005 486 3081 autepapatum
496 3004 623 3064 uocatus
634 3004 720 3079 esset,
728 3017 809 3079 quae
821 2999 858 3062 de
869 2996 977 3061 multis
982 2996 1198 3077 pontificibus,
1211 2996 1307 3060 etiam
1318 2995 1371 3059 sui

250 3087 407 3171 temporis,
419 3108 476 3152 nec
484 3086 624 3168 reperire
633 3107 690 3151 nec
698 3085 870 3167 comperire
876 3083 988 3166 potuit,
999 3083 1113 3166 spatiis
1121 3083 1231 3148 uacuis
1240 3082 1370 3148 relictis.

358 3177 423 3242 Sed
443 3182 474 3242 11
490 3175 627 3241 libellum
643 3174 836 3256 deperditum
850 3174 947 3238 multo
961 3171 1097 3237 maioris
1105 3171 1206 3253 pretii
1221 3171 1371 3236 Albertus
1389 3195 1415 3234 so

250 3265 425 3347 suscripsit,
452 3264 602 3330 Annales
626 3262 769 3328 uidelicet
795 3261 1027 3342 Cremonenses,
1058 3259 1172 3342 quibus
1193 3259 1221 3324 ii
1243 3260 1299 3342 oui
1321 3280 1369 3324 eu·

249 3355 357 3419 stant⁵
380 3353 556 3436 posteriorc
585 3358 687 3417 aetate
717 3349 886 3432 conscripti
916 3349 1063 3414 Annales
1085 3347 1280 3432 propinqui,
1315 3351 1372 3414 sed

250 3442 407 3508 breviores
440 3441 533 3524 quasi
564 3461 603 3505 oa
632 3439 701 3504 illis
732 3438 869 3520 eucerpti
898 3459 963 3503 esse
994 3437 1173 3503 uidentur·⁶.
1234 3436 1311 3503 (lum
1342 3444 1371 3502 et

251 3530 408 3598 Sicardus
434 3531 472 3594 in
500 3528 637 3595 Oronica
665 3549 726 3593 suo
748 3527 895 3592 Annales
923 3526 1147 3593 Oremouenses
1169 3526 1236 3592 illis
1259 3526 1369 3610 proui-

249 3641 316 3684 mos
327 3617 529 3700 eascrrpserit
539 3623 631 3700 atque
642 3637 734 3698 saepe
751 3617 859 3681 eadem
874 3616 1025 3697 retulerit,
1041 3615 1173 3699 quaein
1185 3614 1370 3682 Annalibus
1388 3638 1414 3679 11

358 3830 384 3891 1)
413 3828 456 3882 (Ν,
476 3825 589 3880 Arulio’
607 3825 720 3892 XXVI,
742 3842 771 3892 p.
790 3827 956 3890 ors—4813
981 3827 1016 3890 cf.
1037 3826 1084 3881 SS.
1104 3825 1213 3891 XXXI,
1233 3841 1263 3891 p.
1283 3825 1368 3890 susq.

250 3899 384 3967 2011.
404 3901 448 3965 32,
467 3899 483 3952 I.
504 3901 548 3953 31.
573 3902 596 3950 11
619 3899 710 3964 1138,
730 3897 745 3950 l.
765 3899 889 3952 26-28.
913 3902 937 3949 ct
960 3915 987 3965 p.
1006 3900 1050 3962 43,
1070 3898 1087 3951 l.
1107 3898 1149 3950 29.
1169 3899 1211 3950 30.
1231 3900 1254 3948 11
1275 3896 1369 3960 1144,

251 3971 268 4025 l.
289 3972 411 4026 10-14.
430 3971 473 4024 32.
500 3975 524 4020 11
544 3986 573 4037 p.
593 3970 638 4033 48,
656 3983 682 4022 n.
703 3971 727 4022 3.
753 3975 777 4019 ct
796 3984 823 4034 p.
843 3971 886 4034 53,
905 3968 921 4022 l.
942 3969 967 4022 6.
1058 3967 1085 4036 8)
1106 3967 1181 4031 Quod
1198 3967 1283 4018 estin
1302 3965 1370 4018 libro

249 4047 347 4109 quomo
371 4042 476 4093 Durati
500 4042 568 4107 etus,
600 4040 633 4094 A.
659 4037 734 4105 Mai,
759 4038 848 4092 Novae
871 4044 983 4106 patrum
1007 4037 1177 4090 bibliothecae
1201 4043 1219 4092 t.
1250 4036 1317 4104 VII,
1343 4040 1369 4103 2,

247 4131 275 4181 p.
295 4115 415 4179 229111.
505 4113 534 4179 4)
564 4111 605 4162 Dc
629 4110 678 4162 nu
696 4111 830 4162 breviario
847 4111 878 4161 tn
897 4110 1017 4162 Orontcts
1035 4110 1156 4162 11111111
1171 4109 1329 4176 porur'ficum
1345 4114 1369 4162 ct
1387 4126 1414 4164 co

249 4187 445 4251 imperatorum
461 4185 594 4251 cascmpto
610 4183 668 4233 aide
682 4197 751 4248 anae
763 4183 875 4248 caposnr'
891 4180 933 4235 ‘N.
954 4179 1068 4234 Archto'
1080 4180 1190 4244 XXVI,
1204 4198 1234 4249 p.
1248 4183 1366 4246 119111.

249 4255 390 4322 XXVIII,
405 4272 433 4324 p.
447 4257 550 4322 unsa.
632 4251 660 4322 b)
679 4253 726 4306 SS.
740 4252 850 4318 XXXI,
864 4268 894 4318 p.
909 4254 924 4307 1
937 4267 992 4319 sqq.
1075 4254 1102 4321 6)
1117 4253 1266 4306 Annalium
1277 4251 1369 4316 depcr-

194 4327 197 4333 “
249 4326 368 4378 ditonum
385 4328 517 4394 reliquias
541 4343 574 4378 ea
600 4323 716 4376 Granico
740 4325 846 4375 Albuti
868 4324 989 4375 collectas
1006 4340 1041 4376 aa·
1062 4329 1142 4392 parte
1161 4325 1216 4375 iam
1234 4323 1307 4375 edidi
1324 4321 1367 4374 (Ν.

249 4397 363 4450 ,41111111
382 4398 475 4462 XXV,
489 4414 519 4464 p.
539 4397 698 4458 512-519,
714 4396 849 4463 pleniores
860 4397 970 4462 rcpctr'or'
979 4395 1027 4450 SS.
1045 4394 1156 4460 XXXI,
1170 4412 1199 4462 p.
1214 4393 1366 4449 184-188.
