3232 5028
290 465 326 518 46
541 459 707 516 ORONIOA
726 459 897 514 ALBElR'I'I
915 457 966 513 1111
984 457 1157 516 anANIS.

292 643 421 722 bardis,
452 643 625 726 pululavit
649 643 715 708 hoc
739 643 850 721 modo,
882 642 1046 707 videlicet
1072 644 1176 726 prout
1200 641 1350 705 habetur
1372 642 1410 705 in

165 728 284 820 ww*
293 731 446 796 (ironicis
470 732 621 796 marchia
643 731 830 796 Tarvisine.
870 742 971 812 Quod
995 743 1068 796 inter
1086 745 1190 796 ceteras
1208 741 1304 794 domos
1323 743 1410 796 claras

214 811 220 830 '
245 813 250 824 '
292 818 320 870 et
339 815 503 869 excellentes
520 814 673 882 nobillium,
692 832 745 882 que
764 814 876 868 inerunt
893 818 921 867 11
936 819 999 867 sunt
1012 813 1041 866 in
1052 813 1111 882 ipsa
1123 813 1244 866 marchia
1258 811 1410 880 Tarvisina,

292 889 408 954 quatuor
426 887 592 954 claruerunt,
610 885 789 940 videlicet
808 903 863 938 una
875 884 1010 952 Extensis,
1030 885 1116 938 altera
1134 884 1169 937 de
1188 882 1310 950 Camino,
1328 883 1411 936 tertia

292 955 326 1010 (11
345 955 481 1024 Romano,
508 961 606 1026 quarta
623 956 658 1010 de
676 955 781 1024 (lampo
800 955 895 1010 Sancti
913 955 998 1024 Petri,
1025 955 1143 1024 qualiter
1166 957 1284 1008 autem
1302 953 1337 1008 he
1356 954 1444 1010 dues

292 1027 389 1081 ultime
418 1027 523 1094 domus,
554 1027 704 1082 scilicet
733 1025 775 1080 (11
799 1026 960 1080 Romano
992 1029 1026 1080 ct
1056 1026 1097 1079 de
1128 1025 1258 1094 Campo
1285 1024 1410 1078 Sancti

293 1099 404 1166 Petri,
434 1099 560 1167 primitus
590 1101 772 1165 certaverunt,
802 1096 899 1151 affines
929 1101 957 1152 et
986 1097 1038 1150 sibi
1061 1096 1208 1150 attinentes
1235 1095 1409 1150 adinvicem

291 1171 420 1240 proxima
437 1171 510 1224 linea
527 1169 685 1238 parentelle.
722 1167 795 1222 Nam
814 1167 939 1222 dominus
958 1167 1086 1222 Ezelinus
1110 1168 1224 1250 primus,
1251 1167 1299 1235 qui
1321 1167 1409 1220 dictus

292 1245 333 1296 est
351 1239 464 1310 Balbus,
490 1240 574 1294 fillius
600 1238 695 1308 primi
720 1237 825 1293 Ezelini
853 1239 887 1293 de
912 1238 1045 1305 Honoris,
1073 1255 1163 1307 primo
1189 1238 1287 1291 filliam
1313 1238 1410 1292 habuit

291 1313 402 1366 unicam
420 1311 531 1365 nomine
543 1310 682 1378 Ounizam,
700 1309 818 1364 secundo
836 1309 935 1363 fillium
953 1309 1050 1362 habuit
1068 1310 1179 1363 nomine
1192 1307 1344 1376 Ezeliuum,
1363 1310 1410 1378 qui
1429 1326 1457 1364 10

293 1382 429 1447 factus„
443 1381 497 1434 fuit
523 1398 653 1435 monacus
681 1380 710 1434 in
737 1381 834 1434 ultimo
862 1381 918 1434 vite
945 1398 1000 1436 sus.
1047 1379 1132 1434 Soror
1159 1381 1277 1449 igitur
1304 1379 1409 1433 11111111

292 1452 404 1507 secundi
422 1451 525 1505 tradita
543 1456 584 1506 est
601 1452 778 1520 solempniter
801 1453 830 1504 in
855 1469 969 1505 uxorem
988 1452 1099 1505 domino
1118 1451 1248 1520 Tysolino
1266 1450 1356 1518 primo
1375 1450 1409 1504 de

294 1522 398 1592 Campo
417 1522 510 1577 Sancti
529 1522 614 1591 Petri,
633 1528 661 1576 et
679 1541 713 1578 ex
732 1540 764 1578 ea
781 1523 840 1575 nati
858 1527 921 1576 sunt
938 1522 1027 1591 primo
1048 1522 1194 1588 Gerendus,
1212 1521 1331 1576 secundo
1345 1520 1409 1574 Tiso

293 1595 424 1662 novellus,
451 1593 503 1647 viri
521 1594 627 1647 nobiles
646 1597 673 1647 et
691 1597 823 1662 potentes.
861 1593 1004 1664 Contingit
1031 1597 1123 1646 autem
1150 1593 1203 1646 hoc
1229 1595 1355 1661 tempore
1373 1596 1409 1646 et

293 1665 518 1733 temporibus
535 1665 826 1733 procedentibus
845 1664 873 1717 in
891 1665 1015 1733 partibus
1034 1663 1181 1730 Paduanis,
1199 1663 1362 1717 nominatim
1380 1663 1409 1715 in
1429 1679 1455 1718 11

293 1737 359 1789 villa
378 1736 412 1789 de
431 1735 563 1789 Albanoa
586 1753 643 1789 esse
669 1736 800 1789 nobillem
819 1735 957 1804 quendam
975 1735 1087 1788 nomine
1105 1734 1282 1788 Manfredum
1300 1733 1408 1801 Risum,

294 1808 341 1876 qui
360 1810 419 1860 erat
437 1807 507 1860 altus
526 1810 554 1860 et
571 1811 668 1876 potens
688 1811 718 1861 et
738 1806 885 1859 ditissimus
902 1823 953 1875 pre
971 1807 1068 1860 ceteris
1081 1804 1205 1859 Marchie
1223 1806 1252 1858 in
1270 1805 1409 1858 montibus

294 1877 367 1932 etin
385 1879 476 1947 plano.
513 1877 570 1931 Hic
596 1876 693 1932 filliam
719 1877 815 1930 habuit
837 1879 946 1930 unicam
973 1877 1084 1931 nomine
1103 1876 1247 1944 Oeciliam3
1278 1893 1332 1944 quo
1362 1875 1409 1928 dc·

293 1949 389 2003 functo
408 1967 471 2003 cum
489 1949 582 2018 puella
600 1950 677 2018 quasi
695 1949 817 2002 solitaria
835 1949 1018 2016 remansisset,
1038 1951 1065 2001 et
1083 1947 1118 2000 ad
1137 1964 1197 2000 eam
1217 1947 1316 2000 amodo
1334 1946 1409 2000 vide·

293 2025 371 2074 retur
387 2025 502 2088 paterna
520 2020 657 2074 hereditas
676 2037 752 2073 esse
771 2019 908 2086 devoluta,
927 2019 1053 2088 foretque
1069 2019 1126 2072 eius
1144 2023 1233 2071 mater
1250 2017 1305 2070 iam
1323 2021 1409 2086 nupta
1428 2035 1455 2074 au

294 2091 403 2145 cuidam
415 2091 513 2144 nobilli
524 2122 555 2130 -
567 2091 639 2145 unde
648 2094 744 2158 postea
752 2090 857 2159 prodiit
865 2090 956 2158 proles
969 2090 1003 2144 de
1013 2088 1210 2142 Maltraversiis
1222 2088 1251 2141 in
1260 2087 1357 2141 Padus
1367 2119 1408 2142 -.

294 2162 434 2230 Quidam
460 2165 569 2214 autem
588 2159 780 2230 Spinadellusb
802 2161 836 2215 de
855 2160 988 2214 Sandrico
1013 2161 1048 2214 de
1067 2160 1172 2212 familia
1189 2159 1246 2212 sive
1265 2158 1408 2213 (11111111-

293 2233 365 2285 nada
395 2232 485 2286 dicte
515 2232 607 2300 puelle
637 2232 750 2285 accessit
784 2232 818 2284 ad
849 2231 953 2284 dictum
984 2231 1145 2284 dominum⁰
1178 2229 1338 2299 Tysolinum
1368 2229 1409 2282 de

295 2303 417 2371 Campo
436 2302 552 2356 Sancti
569 2301 676 2370 Petri,
701 2302 778 2355 euius
803 2303 890 2355 maior
914 2301 997 2356 fillius
1016 2301 1173 2356 Gherardus
1191 2302 1288 2370 pulcer
1304 2301 1410 2354 iuvenis

294 2374 352 2428 sine
370 2390 456 2427 uxore
474 2373 593 2426 ducebat
610 2372 761 2426 honorifice
777 2373 863 2426 vitam
883 2390 967 2441 suam,
992 2376 1122 2426 tractans
1143 2373 1216 2426 idem
1236 2371 1410 2440 Spinabellus
1430 2388 1456 2427 11

295 2444 418 2498 dictam
431 2443 590 2498 (1111111111θ
603 2444 763 2498 Oeciliam
773 2444 847 2498 dicto
859 2444 975 2498 iuveni
987 2444 1097 2497 tradere
1109 2443 1137 2495 iu
1150 2460 1272 2498 uxorem.
1290 2441 1411 2496 Volebat

293 2520 387 2569 tamen
406 2532 440 2569 ex
457 2515 572 2568 servicio
591 2515 692 2569 habere
717 2532 733 2568 a
758 2515 849 2570 dicto
873 2515 1026 2568 dominoe
1044 2514 1204 2582 Tysolino
1230 2513 1313 2567 libras
1332 2513 1410 2581 quin·

295 2586 427 2656 quaginta
445 2585 702 2655 imperi[alium].
730 2586 862 2640 Dominus
885 2589 995 2639 autem
1008 2585 1152 2653 Tysolinus
1171 2585 1242 2638 dixit
1260 2584 1410 2654 superbiis

196 2683 198 2686 ·
294 2657 366 2710 velle
383 2656 485 2710 habere
504 2657 663 2710 conscilium
682 2659 717 2711 ab
736 2657 829 2711 amicis
857 2657 940 2725 suis,
968 2657 1024 2725 qui
1052 2655 1162 2709 omnia
1189 2656 1248 2709 hec
1275 2655 1411 2708 naravit

295 2727 429 2781 domino
455 2727 567 2782 Ezelino
591 2727 689 2796 Balbo,
720 2745 802 2796 quem
832 2727 951 2781 habebat
982 2726 1100 2780 amicum
1132 2731 1159 2780 et
1189 2726 1331 2780 dominum
1361 2743 1410 2795 pre
1430 2743 1457 2782 ao

295 2798 392 2852 ceteris
409 2799 555 2854 kariorem.
592 2798 655 2868 Ipse
673 2816 739 2853 vero
757 2799 827 2852 datis
845 2799 934 2853 verbis
959 2815 1080 2866 congrue
1103 2797 1284 2867 responsionis
1308 2814 1410 2867 genero

296 2870 427 2940 cogitavit
454 2888 488 2924 ex
514 2871 562 2924 illa
588 2869 669 2939 hora,
698 2870 772 2938 quod
793 2870 848 2923 tale
866 2870 1073 2923 matrimonium
1091 2868 1255 2922 conveniens
1273 2873 1343 2922 esset
1360 2885 1411 2938 pro

295 2940 363 2994 tillio
382 2958 431 2995 suo
450 2941 564 2996 Ezelino
582 2941 709 3008 secundo,
733 2941 779 3008 qui
798 2941 920 3008 quamvis
937 2939 1089 2993 habuerat
1114 2939 1181 2992 duas
1199 2956 1299 2992 uxores
1316 2940 1345 2992 in
1362 2955 1412 2992 sua

295 3012 422 3080 pueritia,
444 3013 549 3065 scilicet
566 3013 684 3080 primam
703 3010 862 3063 (111111111ο
880 3012 1028 3080 Agnetem,
1046 3028 1168 3065 sororem
1186 3010 1291 3063 domini
1309 3009 1412 3063 Azouis

295 3083 378 3150 primi
395 3082 560 3136 marchionis
578 3080 708 3148 Estensis,
728 3080 876 3135 secundam
894 3079 1006 3134 autemd
1029 3080 1353 3136 (111111111111111111111θ
1377 3079 1412 3134 de
1430 3095 1458 3136 11

295 3151 399 3221 Padus,
425 3170 441 3205 a
459 3169 513 3222 qua
530 3152 635 3206 solutus
653 3157 712 3205 erat
729 3150 888 3206 celebratof
904 3151 1022 3206 divortio
1041 3153 1230 3222 solempniter,
1253 3155 1346 3206 tamen
1365 3150 1411 3204 ad-

297 3224 351 3276 huc
376 3223 487 3278 iuvenis.
525 3223 674 3292 Sperabat
698 3223 784 3276 11111
802 3222 930 3276 Ezelinus
955 3240 1005 3291 per
1029 3225 1113 3278 talem
1136 3223 1409 3276 matrimonium&

296 3294 398 3346 habere
416 3293 567 3347 dominium
586 3294 614 3346 in
632 3293 754 3362 partibus
772 3293 918 3349 Paduanis.
947 3293 1075 3348 Protinus
1093 3293 1221 3348 Ezelinus
1239 3293 1412 3362 predictus

297 3365 372 3418 misit
398 3365 528 3417 nuncium
556 3364 591 3418 ad
618 3364 807 3434 Spinabellum
834 3365 1025 3434 predictum
1053 3369 1085 3420 et
1111 3365 1181 3420 datis
1209 3365 1272 3418 sibi
1302 3368 1413 3418 centum

298 3435 375 3489 libris
394 3437 422 3488 in
441 3435 592 3489 continenti
609 3435 702 3488 taliter
720 3436 794 3505 fecit,
821 3435 896 3504 quod
920 3437 1125 3490 matrimonium
1151 3439 1321 3490 contractum
1340 3435 1413 3488 fuit
1431 3451 1459 3490 ao

298 3507 369 3560 inter
387 3505 530 3560 Ezelinum
549 3506 733 3560 secundum
751 3512 779 3560 et
805 3506 933 3560 dictam
960 3506 1098 3577 Oeciliam,
1127 3511 1155 3560 et
1182 3506 1413 3560 incontinenti

299 3577 383 3632 ducta
413 3581 454 3632 est
483 3576 642 3644 Baxanum,
673 3578 730 3630 ubi
760 3577 898 3631 fuerunt
929 3579 1068 3646 sponsalia
1099 3578 1254 3646 celebrata3
1286 3576 1320 3630 de
1350 3594 1413 3645 qua

299 3649 417 3718 genuit
448 3649 580 3702 unicam
610 3647 706 3700 filliam
736 3648 877 3702 dominam
907 3649 1060 3718 Agnetem,
1091 3653 1207 3703 matrem
1237 3648 1413 3718 postmodum

194 3718 566 3784 11111111111111111111
589 3719 623 3772 de
649 3718 789 3789 Guidotis3
817 3719 857 3773 de
884 3737 947 3788 quo
975 3719 1208 3774 matrimonioi
1237 3718 1328 3774 dicte
1356 3719 1413 3772 do·

298 3791 408 3844 minek
436 3791 536 3846 Oecilie
567 3795 640 3844 orta
671 3795 721 3844 111
751 3791 893 3844 maxima
923 3791 1093 3845 discordia
1122 3791 1212 3845 inter
1238 3789 1414 3844 Ezelinum
1432 3805 1460 3845 11

300 3862 338 3914 (11
365 3860 513 3916 Romano
541 3866 573 3916 et
600 3861 678 3916 illos
706 3861 741 3916 de
759 3861 864 3930 Campo
883 3861 977 3916 Sancti
995 3862 1078 3931 Petri,
1104 3862 1235 3931 subrepto
1260 3861 1311 3915 sibi
1335 3864 1413 3914 tanto

300 3931 475 3986 matrimonio
506 3933 703 3990 fraudulenter.
751 3931 893 4003 Contingit
928 3937 1020 3987 autem
1050 3951 1118 3986 una
1153 3932 1232 3988 vico
1261 3931 1414 4000 predictam

301 4003 440 4056 dominam
459 4002 588 4057 Geciliam
607 4003 755 4058 desendcre
781 4004 822 4057 ad
846 4007 937 4072 partes
955 4003 1099 4058 Paduanas
1122 4021 1203 4058 causa
1225 4002 1414 4071 spaciandi,

301 4073 384 4143 quia
408 4073 529 4127 habebat
552 4074 606 4126 ibi
631 4076 764 4128 multas
781 4075 949 4144 posessiones
968 4079 996 4129 et
1014 4075 1176 4128 nobilles
1195 4074 1236 4128 de
1253 4073 1414 4129 maxenada.

300 4145 507 4214 Intelligeus
536 4147 644 4198 autem
671 4145 733 4198 hoc
760 4144 910 4200 Ghirardus
938 4145 1110 4214 predictus
1138 4145 1172 4199 de
1198 4144 1301 4214 Campo
1320 4143 1416 4198 Sancti
1433 4160 1461 4200 11

408 4343 429 4392 a)
443 4342 665 4382 AbbanoRoluads'a.
707 4343 801 4392 1))1111.
812 4343 827 4386 Ζ,
837 4353 863 4393 a,
873 4343 918 4392 lays
926 4340 1067 4390 Spinabsllns
1078 4342 1170 4389 utlnfra
1179 4343 1194 4384 1.
1203 4343 1237 4386 tt.
1246 4343 1278 4386 ³9.
1318 4343 1338 4391 c)
1356 4338 1414 4382 ,(1.1ι

301 4394 325 4447 d)
344 4396 419 4444 supple
435 4406 541 4436 sororem.
611 4393 632 4444 1)
651 4395 750 4436 Dalesm.
765 4397 859 4438 Roland.
925 4392 944 4448 l)
961 4405 1003 4445 seq.
1019 4393 1102 4434 diu'cio
1117 4396 1208 4434 delatum
1221 4407 1239 4435 c.
1295 4395 1316 4447 g)
1334 4405 1417 4435 nurum

299 4449 395 4491 Rolano.
450 4449 473 4498 11)
488 4445 600 4489 Ansedisil
614 4448 707 4487 Roland.
762 4449 779 4500 i)
792 4459 835 4498 seq.
849 4450 922 4498 primo
936 4449 997 4488 (11111.
1053 4449 1076 4500 k)
1090 4458 1133 4497 seq.
1149 4449 1218 4500 111(1)
1233 4449 1294 4490 aaa.
