3232 5028
681 426 914 483 PRAEFATIO.
1302 430 1362 486 VH

236 608 370 676 Latinis
389 607 521 690 eiquata
542 607 697 690 reliquiae
718 615 801 691 suut,
825 614 944 692 spectat
964 608 1061 675 iader
1087 609 1301 692 alphabeticus
1324 611 1360 677 iu

237 697 329 780 foliis
343 717 408 762 uou
422 695 581 779 siquatis1
604 696 705 762 codici
713 697 874 778 praeficis
889 697 1035 780 scriptus,
1059 698 1115 781 qui
1129 705 1175 764 est
1190 698 1360 782 bipartitae

236 786 275 853 iu
297 784 466 851 historiam
483 783 673 866 pontificum
695 791 725 850 et
746 785 784 851 iu
806 807 858 851 res
878 793 983 868 pestus
1003 785 1232 869 imperatorum
1241 789 1262 848 ².

342 872 527 939 Historiam
560 873 787 955 imperatorum
814 895 951 957 prorsus
984 874 1201 957 imperfectam
1232 875 1363 959 reliquit

205 988 218 1027 e
237 964 395 1044 Atbertus,
419 961 505 1027 nibil
527 961 612 1028 euim
627 964 665 1028 de
680 965 773 1028 rebus
786 963 884 1046 pestis
898 963 1063 1029 Friderici
1078 965 1131 1028 IL
1147 963 1359 1047 imperatoris,

237 1051 322 1117 nibil
344 1051 382 1116 de
402 1050 536 1131 Ructolfi
551 1051 582 1115 Ι.
606 1051 692 1132 repis
714 1051 807 1116 rebus
822 1053 964 1134 praebet.
1011 1053 1098 1118 Saue
1119 1051 1285 1119 Friderici
1305 1054 1359 1119 II.

238 1139 407 1205 historiam
428 1140 573 1222 supplere
594 1139 700 1221 coluit,
730 1141 869 1221 fortasse
894 1141 931 1206 iu
953 1141 1107 1221 fascinato
1132 1140 1284 1221 foliorum
1306 1144 1362 1208 ad·

239 1229 349 1310 teudo,
380 1234 552 1310 autequam
581 1228 662 1294 liber
690 1236 867 1310 compactus
896 1236 981 1310 esset,
1015 1231 1099 1312 quod
1125 1251 1191 1295 nou
1214 1230 1360 1312 perfecit.

240 1317 367 1383 Desunt
391 1316 487 1382 etiam
514 1323 603 1399 qesta
632 1316 799 1382 Caelestini
822 1319 888 1400 IV,
918 1318 1103 1385 quoceutii
1125 1316 1191 1400 IV,
1222 1319 1362 1384 Abacu-

196 1430 222 1472 ιο
241 1405 295 1472 dri
316 1405 343 1470 Ι
346 1406 383 1470 V.
401 1404 601 1487 pontificum,
624 1426 706 1487 quae
727 1405 765 1471 iu
787 1405 878 1487 foliis
887 1408 1000 1488 postf.
1020 1413 1091 1472 173.
1112 1407 1227 1472 eucieis
1241 1407 1362 1490 scripta

239 1494 341 1574 fuisse
362 1493 519 1559 uideatur.
565 1494 658 1560 Haec
679 1494 763 1574 folia
782 1494 909 1576 prioris
930 1495 1015 1577 libri,
1039 1496 1130 1562 cuius
1151 1496 1235 1576 folia
1262 1496 1367 1562 CLII

241 1582 345 1649 -OL
354 1582 435 1649 VII.
458 1589 637 1667 supersuut,
668 1583 769 1662 fuisse
797 1583 953 1666 oideutur,
983 1584 1121 1664 fortasse
1150 1587 1190 1651 ab
1213 1585 1282 1667 ipsc
1305 1585 1362 1650 Al-

240 1674 324 1738 bertc
347 1674 477 1754 desecta,
500 1678 537 1736 ut
557 1693 596 1737 ea
618 1671 812 1738 rescriberet.

353 1761 425 1827 Uuo
439 1761 504 1826 loco
519 1766 630 1826 auctor
644 1781 758 1826 uomeu
772 1781 864 1826 suum
873 1762 1041 1842 professus
1055 1769 1108 1844 est,
1130 1764 1176 1828 cd
1192 1784 1223 1827 a.
1244 1764 1363 1828 1363.3

197 1872 222 1911 15
240 1848 383 1915 uidelicet
414 1849 440 1929 f.
474 1848 558 1931 1982
592 1849 687 1929 iufra
715 1870 751 1931 p.
782 1855 861 1915 111:
897 1851 1028 1916 Eodem
1057 1871 1138 1917 vero
1173 1873 1273 1930 auno,
1306 1852 1362 1917 die

241 1939 419 2004 XXIIIIor
451 1939 561 2003 Medii
590 1960 654 2022 ego
677 1940 817 2022 quidem
839 1939 1004 2004 Alberbus
1028 1941 1070 2004 de
1094 1941 1248 2018 Bezanis,
1279 1941 1363 2004 civis

243 2027 480 2093 Cremonensis
519 2032 555 2093 et
593 2048 756 2092 monacus
794 2028 994 2093 monasterii
1033 2029 1144 2093 sancti
1183 2029 1362 2093 Laurentii

243 2115 491 2194 Cremonensis,
523 2119 659 2182 creatus
689 2117 744 2180 fui
773 2120 809 2182 eb
838 2117 1021 2182 institutus
1050 2117 1087 2180 in
1111 2117 1272 2182 abbatem
1296 2138 1362 2182 mo-

242 2206 385 2270 nasterii
415 2206 528 2269 sancti
557 2205 739 2270 Laurentii
768 2205 941 2290 prelibati.
995 2204 1099 2287 Atque
1124 2211 1256 2287 praetm
1286 2205 1364 2270 baec

198 2313 225 2352 20
242 2292 327 2358 nibil
356 2293 394 2357 de
422 2291 490 2358 uita
518 2292 588 2357 eius
621 2293 738 2358 addere
763 2295 924 2375 possum4,
960 2295 998 2358 do
1029 2313 1094 2375 quc
1125 2315 1203 2360 saue
1234 2295 1365 2358 muttum

243 2387 450 2464 coquoscetur,
475 2401 545 2446 cum
561 2382 686 2447 tabulae
707 2380 931 2448 Oremoucuses
945 2381 1035 2447 itlius
1051 2382 1198 2465 temporie
1212 2381 1250 2447 iu
1266 2383 1364 2448 lucem

352 2627 378 2694 1)
394 2627 469 2680 Fotir'
485 2629 510 2682 5.
527 2628 635 2694 paqiua
653 2643 729 2678 uersa
747 2629 812 2692 ets.
825 2629 850 2682 7.
868 2633 972 2682 camut.
1063 2631 1090 2696 2)
1109 2627 1208 2694 qu'ptt
1225 2627 1249 2691 f.
1262 2629 1294 2682 2:
1317 2625 1364 2680 In-

245 2695 384 2766 cipiuntur
407 2696 517 2750 rubrice
542 2697 606 2750 libri
630 2695 809 2750 Oronieamm
839 2712 1008 2750 summorum
1033 2696 1195 2766 pontificum
1221 2700 1303 2765 atque
1324 2697 1365 2751 in·

244 2772 418 2836 pecatorum,
443 2785 541 2838 regum
566 2771 594 2820 et
619 2767 747 2820 alliorum
770 2767 927 2836 principum
952 2768 1099 2835 baronum,
1127 2767 1175 2836 qui
1201 2767 1313 2820 luerunt
1337 2767 1367 2821 in

199 2849 226 2889 se
246 2837 449 2893 Christianitute
468 2843 497 2898 et
515 2841 587 2906 ante,
606 2838 653 2907 qui
671 2841 802 2892 rexemnt
819 2837 961 2892 mondum.

404 2909 556 2964 Anacletus
573 2925 647 2978 papa
663 2909 693 2962 iu
711 2910 779 2965 cari.
798 2907 863 2968 LII,

404 3050 563 3106 Inocentius
575 3050 611 3106 V.
631 3094 637 3108 .
657 3094 663 3108 .
684 3095 690 3108 .
727 3056 754 3117 R
775 3049 859 3119 CLV,
884 3053 916 3105 dc
939 3068 991 3120 quo
1013 3054 1043 3105 r'u
1060 3054 1124 3118 totto
1142 3051 1222 3106 CLV.
1242 3056 1367 3120 autiquae

456 3125 630 3190 etquattom’s,
649 3125 729 3189 iufra
745 3141 773 3192 p.
792 3125 836 3189 61,
855 3125 956 3189 aqttur.

199 3213 226 3253 cu
403 3195 437 3251 F.
455 3197 482 3262 2,
501 3196 549 3250 eol.
563 3197 595 3250 2:
620 3193 762 3263 Incipiunt
782 3209 879 3262 regum
904 3196 932 3247 et
949 3194 1145 3263 inperatorum,
1168 3193 1215 3262 qui
1238 3198 1367 3247 rexerunt

456 3265 597 3333 mondum,
616 3270 699 3334 prout
717 3264 797 3332 intra,
814 3263 957 3318 videlicet:

493 3335 535 3389 De
557 3337 646 3404 prima
672 3335 809 3390 creatione
829 3333 925 3388 mendi
944 3338 972 3388 et
989 3335 1153 3389 formatione
1171 3333 1234 3389 Ade
1252 3338 1281 3388 et
1298 3333 1367 3390 Ere.

457 3405 578 3531 Reqffie
602 3406 661 3463 toll.
686 3406 792 3544 pagurii
807 3410 836 3460 et
858 3406 1080 3476 generationibus
1103 3406 1158 3459 suis
1179 3409 1208 3460 et
1225 3405 1366 3461 tilliorum.

559 3494 604 3530 am
623 3516 630 3530 .
649 3519 656 3534 .
676 3521 682 3534 .
793 3521 800 3533 .

509 3548 655 3618 Arphaxat
673 3592 680 3605 .
700 3591 733 3606 ..
770 3546 866 3612 um,

510 3690 669 3745 Alexander
688 3733 694 3748 .
715 3727 721 3740 .
742 3732 748 3747 .
788 3694 815 3754 l}
833 3688 913 3746 XVI.

565 3761 824 3831 Inperatorum
848 3761 1005 3817 rubrica.

511 3832 651 3887 Adrianus
667 3833 808 3902 inpetatur
825 3875 832 3890 .
851 3874 858 3889 .
878 3875 885 3888 .
926 3836 954 3898 R
974 3830 1056 3886 LIII.

199 3921 227 3960 eo
243 3907 271 3974 3)
289 3905 383 3958 Nescio
401 3922 470 3973 uero,
489 3922 527 3958 cu
544 3906 591 3958 boc
609 3919 634 3961 a.
649 3907 726 3961 1362.
741 3908 835 3973 potius
846 3907 947 3970 tactum
959 3907 1002 3958 eit.
1038 3902 1112 3955 Huic
1129 3902 1181 3955 loco
1203 3905 1273 3954 cutm
1290 3918 1369 3969 prae-

244 3979 309 4030 unu
327 3978 425 4030 relatio
442 3977 473 4029 de
491 3977 600 4029 Urbano
613 3993 692 4046 papa
708 3977 739 4032 V.
759 3993 784 4031 a.
805 3979 882 4032 1362.
902 3977 985 4040 cbcto,
1011 3989 1087 4041 quem
1105 3974 1231 4026 Albertus
1249 3989 1275 4028 a.
1290 3975 1367 4028 1663.

245 4056 363 4101 creatum
375 4065 428 4102 esec
440 4049 511 4114 falso
523 4049 596 4102 dicit.
673 4049 701 4114 4)
715 4049 747 4104 G.
760 4045 1036 4112 Summi-Piceaardr‘,
1051 4045 1103 4097 ‘La
1115 4045 1243 4110 fcmtptr'a
1255 4043 1367 4096 Sommt'

245 4119 338 4188 (1893.
357 4121 420 4184 sol.)
442 4136 470 4186 p.
484 4121 528 4186 25,
547 4136 574 4174 n.
589 4122 614 4174 1.
632 4120 739 4186 quidem
756 4121 838 4171 citato
857 4117 925 4170 libro
942 4117 1082 4169 cuiusdam
1100 4116 1240 4180 Iacccbc'ut,
1265 4114 1369 4166 ‘Storr'a

244 4191 314 4243 della
333 4191 423 4244 cicc’ltb
441 4191 544 4256 diffusa
562 4192 613 4242 aar
629 4191 795 4243 Benuicttr'ni
812 4189 856 4240 uel
874 4187 1049 4256 memoriam,
1069 4203 1145 4255 quem
1157 4201 1213 4238 nou
1224 4187 1287 4250 euti,
1306 4184 1369 4236 orac

199 4278 227 4318 ce
244 4262 384 4315 nmmum
402 4262 434 4314 rte
452 4261 569 4314 Bouaria
586 4263 668 4314 etiam
685 4278 711 4316 a.
732 4262 810 4316 1381.
830 4259 948 4312 abbatem
974 4260 1002 4314 S.
1021 4259 1168 4312 Laurentii
1186 4255 1370 4309 mensuum

244 4335 335 4401 fuisse,
361 4332 432 4399 quod
449 4333 550 4384 mirum
568 4333 681 4398 otduur,
706 4347 764 4383 cum
783 4330 909 4382 Amaras
922 4335 986 4397 post
1007 4346 1032 4386 a.
1054 4332 1130 4386 1370.
1150 4327 1222 4380 usust
1240 4326 1370 4379 Orouicae

244 4420 310 4457 arae
327 4403 471 4462 mamus.
501 4403 553 4455 soa
564 4404 610 4456 ills
621 4403 749 4455 Albucius
766 4403 835 4453 auur·
847 4403 925 4458 1381.
938 4408 1066 4468 aquaeue
1077 4400 1166 4452 noum
1177 4399 1262 4463 tubae
1269 4399 1370 4462 potuit.
