3232 5028
138 656 204 698 narr.
211 657 265 705 Opta

184 1460 215 1508 *a
226 1459 265 1499 ua

168 1514 263 1562 (uniri).

185 1619 214 1667 rr.
227 1620 264 1659 ru

158 1673 266 1724 (sunu).

274 470 310 524 60
524 461 692 518 GRONIGA
710 461 880 517 ALBERTI
898 461 948 516 Du
967 461 1140 520 BEZANIS.

274 641 373 696 Kar-oli
391 657 441 710 pro
460 640 604 709 desperato
623 639 765 706 haberent,
788 643 847 691 tum
865 642 980 708 propter
998 639 1128 693 Goradini
1146 640 1282 693 exercitus
1300 640 1393 693 multi·
1487 675 1491 679 -

274 714 413 780 tudinem,
439 716 498 765 tum
523 714 636 780 propter
660 710 739 780 regni
757 709 866 764 Scicilie
890 726 961 778 pene
979 711 1063 763 totius
1081 711 1274 778 rebellionem,
1300 727 1393 780 papa

275 783 442 838 Clemens
467 783 532 836 hoc
557 782 683 836 audito
708 781 829 849 predixit
851 781 880 833 in
897 780 1009 848 publico
1035 798 1160 834 sermone
1186 781 1287 835 factos
1309 781 1393 835 Gora·

275 855 383 908 diuum
402 851 551 922 tanquamb
568 853 675 906 fumum
691 853 871 905 transiturum
887 855 916 905 et
928 853 1017 920 ipsum
1029 851 1190 920 tamquamb
1205 852 1240 906 ad
1252 853 1393 906 victimam

274 925 406 994 Apuliam
425 926 605 992 intraturum3
625 923 698 992 quod
717 927 745 976 et
762 923 804 976 rei
821 921 997 991 postmodum
1015 924 1143 991 probavit
1161 927 1282 978 eventus.
1319 924 1393 977 Nam
1412 939 1427 978 s

274 1001 337 1066 post
361 997 460 1050 durum
485 999 638 1063 campestre
663 994 766 1048 bellum
785 993 935 1047 Goradinus
958 1011 1021 1048 cum
1046 995 1101 1048 suis
1125 999 1204 1064 terga
1222 996 1393 1048 vertentibus

275 1085 382 1154 capitur
407 1088 435 1138 et
460 1083 599 1136 aKarolo
625 1099 688 1136 cum
707 1070 863 1134 duobusl
882 1082 1031 1135 nobillibus
1049 1082 1200 1151 decolatur,
1218 1091 1246 1136 et
1264 1099 1392 1136 nomen

275 1156 332 1209 eius
356 1156 450 1224 paucis
469 1155 564 1208 diebus
582 1157 645 1222 post
662 1152 823 1221 tamquamb
846 1153 937 1206 fumus
962 1154 1080 1208 evanuit.
1206 1153 1275 1208 Hic
1300 1171 1392 1222 papa

275 1226 440 1281 Olemeus
467 1229 591 1278 mortuus
615 1227 655 1278 est
674 1224 794 1278 Viterbii
819 1228 847 1278 et
869 1223 972 1278 ibidem
998 1229 1052 1278 est
1078 1225 1199 1293 sepultus
1224 1225 1254 1277 in
1279 1225 1393 1278 ecclesia

274 1316 390 1369 fratrum
404 1313 621 1369 Predioatorum.
705 1301 783 1365 Hiis
799 1301 1012 1384 temporibus
1028 1301 1231 1365 vacantibus
1247 1301 1393 1366 ecclesia
1413 1327 1440 1366 ιο

275 1396 311 1456 et
341 1391 501 1454 diadema
529 1390 688 1473 inperiali
720 1393 917 1473 pastorum⁰
946 1390 1094 1467 interae,
1125 1389 1289 1454 videlicet
1320 1419 1391 1456 anno

274 1473 385 1527 Domini
397 1472 577 1540 M⁰GGLXX,
595 1472 750 1526 Lodevicus
768 1491 816 1526 rex
828 1471 944 1526 Francis
963 1472 1251 1526 christianissimus-
1271 1473 1338 1512 *Α
1357 1472 1392 1527 de

274 1543 380 1600 Affrica
398 1542 600 1612 processerat,
619 1544 649 1596 in
667 1543 805 1598 Sciciliam
823 1544 935 1598 veniens
954 1548 995 1597 est
1014 1543 1190 1599 defuncturo.

382 1632 479 1685 *Anno
503 1632 615 1685 Domini
639 1631 861 1698 M⁰GGLXXII,
892 1613 1112 1703 [indictionef
1138 1619 1315 1694 XIIII⁰¹⁸,
1348 1622 1391 1684 de

276 1731 391 1774 mense
409 1703 617 1790 Novembrfi}
638 1721 788 1790 Gregorius
806 1720 899 1789 X¹¹⁸s,
918 1721 1030 1775 natione
1047 1720 1210 1774 Loubardus
1229 1721 1263 1774 de
1282 1720 1392 1776 civitate
1412 1732 1439 1772 15

275 1810 417 1865 Placentia
451 1801 487 1862 et
522 1798 650 1862 dicitur
684 1799 726 1862 de
761 1819 886 1881 genere
914 1797 1164 1862 vicecomitum
1199 1798 1316 1874 fuisse,
1351 1826 1391 1862 ex

274 1908 379 1969 patre
398 1942 512 1956 .....
517 1897 546 1967 h,
574 1899 756 1953 successit
774 1897 954 1952 Glementi
980 1901 1109 1966 quarto
1131 1915 1223 1967 pape
1245 1889 1391 1950 vacante

274 1977 417 2061 inperio,
449 1987 507 2056 qui
533 1987 604 2041 sedit
629 1988 706 2040 annis
730 1987 835 2055 ΠΠοτ,
865 1968 1065 2054 [mensibusi
1097 1970 1240 2056 duobus]
1266 1990 1293 2040 ct
1318 1986 1344 2042 d.
1363 1985 1391 2039 X

275 2079 315 2132 ab
341 2076 527 2131 electione
546 2093 619 2144 sua,
646 2080 674 2128 et
691 2076 806 2129 cessavit
823 2078 940 2144 papatus
958 2075 1054 2130 diebus
1072 2075 1109 2130 X.
1217 2063 1285 2127 Hic
1311 2062 1390 2127 Gre-

274 2155 390 2288 gorius
414 2174 503 2236 papa
527 2153 621 2235 prius
644 2152 834 2216 vocabatur
856 2146 1039 2230 Tealdusk,
1064 2168 1099 2218 et
1123 2181 1186 2218 cum
1211 2167 1281 2218 esset
1303 2163 1391 2216 archi·
1409 2174 1437 2214 ao

293 2253 405 2290 raconus
430 2234 589 2288 Leodiensis
615 2238 643 2287 et
668 2234 820 2288 devotionis
847 2251 928 2288 causa
955 2235 1048 2289 ivisset
1074 2236 1147 2288 ultra
1174 2253 1258 2302 mare,
1286 2234 1390 2288 ibidem

275 2307 392 2360 existens
417 2307 445 2359 in
470 2305 573 2373 palatio
592 2304 782 2358 Viturbiensil
809 2307 838 2358 in
862 2323 962 2375 papam
985 2306 1201 2360 scandinalibus
1220 2311 1261 2360 est
1280 2306 1390 2360 electus.

273 2394 329 2448 Hic
359 2393 426 2448 fecit
455 2409 538 2446 unam
567 2393 768 2447 ordinationem
797 2382 852 2445 Vm
876 2394 1066 2464 episcoporum
1100 2394 1279 2448 cardinalium
1309 2412 1390 2464 quam

273 2465 423 2536 plurimum
441 2463 615 2531 laudabilem,
642 2464 688 2534 qui
712 2465 892 2519 honestiusn
912 2470 940 2520 et
957 2467 1078 2520 valentes
1102 2483 1231 2535 personas
1250 2467 1389 2535 asumpsit.

276 2539 408 2624 [unna
428 2541 570 2605 uomina
594 2537 920 2624 umcnxxuuu
961 2553 1017 2608 aa
1041 2555 1124 2608 aaa
1148 2554 1323 2622 pontificatus
1349 2554 1390 2608 aa
1409 2566 1436 2606 a

274 2641 346 2678 anno
364 2642 415 2692 pro
434 2623 553 2678 utilitate
571 2624 655 2678 Terre
669 2623 777 2694 Sancte,
796 2642 879 2693 quam
896 2625 1076 2694 personaliter
1093 2625 1203 2679 visitare
1221 2625 1390 2693 intendebat,

273 2695 403 2766 Lugduni
423 2696 573 2765 sollempne
592 2696 753 2750 cellebravit
771 2697 937 2766 concillinm,
957 2698 984 2749 in
1005 2714 1057 2764 quo
1078 2695 1229 2750 Grecorum
1249 2701 1277 2749 et
1295 2697 1390 2749 Tarta·

273 2784 367 2822 rorum
393 2767 556 2836 sollempnes
580 2765 693 2820 nunciib
717 2767 940 2836 interfuerunt,
967 2765 1048 2821 Greci
1070 2767 1106 2820 ad
1124 2767 1258 2820 unitatem
1277 2768 1390 2821 ecclesie

273 2838 362 2892 redire
380 2838 581 2907 promittentes,
599 2838 628 2891 in
647 2838 756 2908 signum
774 2843 850 2892 cuius
868 2838 994 2907 spiritum
1013 2842 1138 2891 sanctum
1156 2839 1274 2891 confessi
1293 2842 1356 2891 sunt
1375 2855 1391 2890 a

272 2914 352 2978 patre
370 2909 481 2978 filioque
499 2909 656 2978 procedere,
675 2909 830 2978 symbolum
842 2909 1021 2978 solempniter
1038 2909 1067 2962 in
1081 2907 1196 2962 concilio
1210 2907 1389 2964 decantando.
1410 2930 1438 2970 aa

273 2979 392 3034 Nonciib
409 2997 473 3034 vero
493 2981 670 3033 Tartarorurn
696 2979 768 3032 infra
786 2981 934 3032 concilium
952 2980 1103 3048 baptizatis
1121 2980 1155 3032 ad
1172 2981 1285 3048 propria
1303 2980 1390 3033 redie-

273 3055 344 3106 runt.
381 3051 519 3104 Numerus
538 3055 630 3103 autern
648 3051 817 3118 prelatorum
836 3051 883 3117 qui
900 3049 1012 3104 luerunt
1029 3052 1059 3104 in
1077 3051 1193 3105 concilio
1212 3054 1296 3104 sunt
1313 3051 1390 3118 quin-

273 3123 350 3191 genti
376 3121 509 3189 episcopi,
532 3120 586 3174 LX
610 3121 723 3175 abbates
748 3124 776 3174 et
801 3121 859 3173 allii
883 3121 981 3190 prelati
1007 3121 1080 3176 circa
1097 3121 1180 3178 mille.
1288 3121 1391 3174 Hicin

274 3191 390 3245 concilio
417 3192 506 3245 multa
531 3192 605 3245 bona
632 3191 788 3260 constituit,
816 3191 943 3246 videlicet
967 3209 1018 3261 pro
1037 3193 1158 3246 subsidio
1178 3190 1263 3246 'Perre
1281 3191 1391 3258 Sancte,

273 3298 324 3349 pro
343 3280 476 3333 electione
493 3281 592 3333 summi
607 3279 744 3350 pontificis
756 3284 784 3334 et
796 3297 846 3350 pro
859 3284 932 3334 statu
945 3282 1058 3335 ecclesie
1070 3281 1243 3350 universalis3
1266 3265 1388 3352 [quodq
1411 3295 1438 3336 ss

275 3356 458 3422 concilium
483 3358 620 3420 duravit
644 3378 663 3421 a
687 3357 856 3442 principio
876 3357 971 3442 Magi
990 3378 1097 3441 usque
1118 3358 1160 3422 ad
1182 3358 1390 3441 Augustum.

273 3445 448 3510 Iohannes
467 3446 626 3510 Andreer
646 3446 683 3509 in
702 3447 825 3511 novela
841 3447 870 3509 I.
895 3447 932 3511 de
951 3446 1071 3511 elect.⁸:
1093 3440 1228 3530 uemoll.
1301 3457 1392 3512 Huius

381 3636 402 3688 a)
416 3636 500 3676 lactum
514 3633 654 3676 Ghnnradini
667 3636 757 3679 Mania.
796 3635 820 3687 b)
833 3637 864 3676 es's
878 3637 899 3677 h.
915 3637 930 3676 l.
945 3647 963 3676 σ.
1005 3635 1026 3686 c)
1039 3639 1072 3676 alc
1085 3637 1138 3676 Ιισσσ
1151 3647 1214 3676 sensu
1227 3647 1281 3677 sono
1296 3637 1392 3676 aaronem

274 3691 374 3739 sequntur
391 3691 415 3729 in
434 3702 452 3730 σ.
467 3691 517 3730 Alo.
533 3691 603 3729 dicen
622 3690 690 3728 voluit
707 3694 803 3738 utroque
821 3693 912 3739 pastore
931 3692 1039 3739 (rectore),
1061 3690 1212 3730 ecclesiastico
1231 3696 1255 3730 et
1274 3690 1391 3740 saeculari,

274 3744 437 3784 deficientibus.
493 3741 518 3794 d)
531 3753 573 3793 seq.
589 3744 613 3782 ln
626 3743 712 3782 sclclall
725 3743 787 3782 delet.
842 3743 971 3796 e)f.176.'
984 3747 1052 3783 vacat.
1097 3744 1114 3795 i)
1128 3744 1189 3782 unas
1202 3745 1286 3782 s'ncluaa
1299 3744 1326 3782 ab
1342 3743 1391 3782 Aru.
1411 3746 1439 3786 40

274 3807 382 3846 superscr.
448 3799 469 3846 g)
488 3797 511 3836 tn
524 3796 885 3846 mcr9.:1>apaeregorru9xu·.
950 3797 973 3848 h)
991 3797 1085 3845 marium
1098 3797 1182 3836 nomint
1195 3797 1307 3836 inserendo
1322 3800 1392 3835 uarat.

274 3851 290 3897 l)
304 3860 374 3890 mens.
390 3851 455 3892 duob.
469 3851 493 3889 tn
506 3861 577 3898 mora.
592 3850 619 3889 ab
633 3850 683 3889 Alb.
697 3850 770 3897 suppl.
787 3861 835 3888 eum
848 3849 942 3888 Martius·
954 3851 1001 3890 cod.
1013 3851 1046 3891 10.
1092 3850 1117 3902 lt)
1132 3849 1255 3901 Gebsldus,
1270 3851 1284 3890 b
1299 3860 1359 3888 eraso
1374 3853 1393 3888 et

275 3903 295 3943 G
308 3903 332 3940 in
345 3903 364 3940 Τ
378 3906 459 3942 mastalo
473 3914 530 3944 corr.
545 3904 649 3946 'l'saldna
717 3903 732 3954 l)
753 3902 960 3954 ale(vlturbisi1)e.
1026 3904 1056 3955 m)
1071 3904 1091 3944 V
1105 3903 1155 3943 Alo.
1166 3914 1210 3952 pro
1225 3902 1332 3943 videlicet
1346 3903 1392 3952 (VJ)

273 3955 367 4003 scripsit.
422 3958 444 4005 n)
466 3957 520 4004 qula
533 3957 638 3996 honestas
652 3956 742 3998 Martis.
806 3956 828 4008 o)
848 3955 1166 4000 n.1>.s1⁰conxxm1⁰aza
1184 3961 1303 3996 atransenlo
1318 3957 1394 4003 (manu

274 4009 384 4058 Alter-lit)
398 4009 421 4047 in
435 4020 505 4058 mura.
516 4014 568 4058 post
580 4011 653 4058 suppl.
707 4009 732 4060 p)
745 4009 833 4058 baspati
846 4022 863 4052 σ.
915 4010 939 4060 q)
952 4011 1013 4049 uncis
1026 4011 1110 4050 inclusa
1124 4011 1168 4050 alio
1182 4014 1301 4050 atramento
1315 4011 1393 4056 (mersu
1411 4009 1439 4049 45

274 4061 384 4112 alberent)
397 4063 420 4100 tn
434 4073 504 4110 mara.
515 4066 568 4110 post
581 4065 652 4112 suppl.
695 4063 714 4114 r)
729 4062 829 4104 Ioanc.
871 4065 889 4112 s)
905 4063 933 4102 de
947 4065 1012 4103 elect.
1023 4065 1099 4113 potius
1109 4065 1188 4103 conosi
1201 4075 1266 4113 quam
1280 4064 1322 4112 leel
1336 4064 1359 4100 s'a
1374 4073 1392 4102 σ.

382 4223 408 4290 1)
431 4219 506 4275 aaa
524 4223 579 4285 sia·
597 4222 690 4274 multis
709 4222 825 4275 Martia.
896 4224 924 4290 2)
947 4222 1032 4274 Omisi
1048 4239 1115 4290 quae
1133 4223 1273 4275 Martinus
1293 4221 1392 4290 Oppav.

270 4309 300 4359 p.
321 4295 382 4359 474,
408 4293 424 4348 l.
446 4294 555 4348 3—45.
582 4293 666 4347 babet.
811 4294 839 4361 3)
867 4294 901 4347 A.
922 4295 1000 4348 1272.
1025 4295 1081 4345 ium
1105 4295 1215 4346 indictio
1239 4293 1305 4348 XV.
1330 4295 1393 4358 fuit.

274 4365 303 4432 4)
329 4366 363 4418 A.
378 4367 454 4420 1271.
474 4364 543 4432 Sept.
558 4366 582 4418 1.
602 4364 750 4430 Gregorius
769 4366 861 4418 electus
878 4371 923 4430 est,
949 4371 1094 4417 coronatur
1112 4366 1232 4420 α.1272.
1250 4364 1392 4419 Mamffl.

276 4433 303 4503 ὃ)
329 4435 405 4486 Secti
423 4435 525 4490 Deerat.
545 4434 605 4502 Η,
629 4438 670 4490 tit.
683 4437 708 4502 6,
728 4451 749 4491 σ.
764 4438 806 4491 15.
1413 4454 1441 4495 50
