3232 5028
255 418 292 472 28
504 412 670 470 ORONIOA
689 411 861 468 ALBDRTI
878 412 929 468 DE
947 412 1120 471 BDZANIS.

115 590 477 650 umoralirederieus
502 589 619 658 pemime
645 590 721 644 stetit
748 606 812 643 cum
839 587 939 644 dicto
964 599 1063 658 pape⁸
1085 593 1120 644 et
1144 589 1174 644 iu
1194 589 1373 659 preiuditium

256 661 396 715 domini
414 677 504 730 pape
522 659 572 714 hos
590 663 645 714 tres
663 660 842 714 scismaticos
861 659 964 729 fovit¹;
990 661 1051 729 qui
1068 661 1261 730 inperator
1278 677 1373 731 regem

257 731 435 800 Francorum,
453 731 588 798 adquam
605 747 678 800 papa
696 730 857 785 Alexander
875 730 1045 800 confugerat,
1064 747 1115 785 eon
1201 735 1230 785 ta
1248 732 1372 785 multitu·

256 802 328 868 diue,
346 802 477 871 precipue
495 800 612 856 duorum
630 818 824 871 regnorum,
852 801 976 856 seilicet
993 801 1107 856 Boemie
1126 805 1154 856 et
1197 803 1260 869 atie,
1288 801 1373 855 fultus

257 872 367 941 auxilio,
388 873 418 926 in
435 872 624 942 Burgundiam
641 873 752 926 veniens
770 871 907 926 dietum
924 888 1052 940 papam
1069 872 1209 926 nitebatur
1227 871 1372 940 extirpare.
1391 884 1405 923 a

257 943 306 998 Set
322 959 389 1013 rege
406 942 562 1012 Anglorum
586 943 646 1043 rapi
663 941 859 996 Francorum
884 941 990 997 ier-suto
1013 943 1146 996 auxilium
1164 943 1205 996 nil
1221 941 1372 1012 profsoitb.

204 1024 247 1064 sie.
363 1013 446 1067 Anno
458 1013 571 1067 Domini
582 1012 615 1066 M
628 1011 773 1070 (ΗιΧΙΠ.ἱ
791 1011 845 1066 fuit
864 1013 1006 1080 quidam
1024 1012 1165 1068 Presbiter
1181 1013 1292 1067 nomine
1308 1013 1373 1066 (he-

256 1084 413 1138 monensise
428 1083 588 1138 ecclesie
601 1084 710 1151 electus,
730 1083 784 1152 qui,
797 1083 863 1138 lieet
875 1083 969 1137 allex·
981 1084 1085 1138 meritis
1098 1088 1128 1138 et
1138 1083 1253 1138 scientia
1265 1083 1372 1154 dignus,

117 1159 350 1214 &nontamen
367 1159 481 1224 propter
498 1155 597 1208 somme
615 1155 716 1208 eiectus
735 1157 783 1210 est.
892 1155 995 1208 Anno
1020 1154 1164 1208 Domini
1190 1158 1225 1208 et
1249 1158 1373 1222 tempore

257 1224 397 1280 Frederioi
431 1224 594 1293 inperatoris
629 1224 792 1292 Rodulphus
827 1223 995 1279 Coloniensis
1035 1224 1254 1294 archiepiscopus
1289 1225 1373 1277 trium
1392 1237 1419 1276 ιο
1525 1245 1531 1254 ·

257 1309 401 1366 magorum
428 1311 545 1363 corpora
572 1294 606 1348 de
631 1294 744 1350 Perside
771 1295 836 1348 olim
861 1294 1128 1364 Constantinopolim
1155 1296 1190 1349 ab
1218 1295 1374 1364 inperatore

257 1367 388 1488 translatp
413 1365 522 1419 atinde
545 1365 586 1419 ab
605 1363 752 1436 Eustorgio
770 1365 960 1420 Mediolanum
977 1365 1141 1420 miraculose
1158 1369 1320 1434 mavorte,
1339 1369 1375 1418 at

257 1441 362 1506 poste
403 1435 534 1489 edicto
550 1434 698 1490 Frederieo
717 1437 930 1506 inperatore
946 1435 1105 1490 Mediolano
1123 1435 1269 1490 destructo
1286 1439 1374 1489 trans·

257 1507 378 1575 portavit
403 1505 553 1562 Coloniam.
654 1505 761 1560 Eodem
786 1511 912 1576 tempore
934 1506 988 1560 fuit
1005 1507 1089 1561 abbas
1107 1505 1232 1560 Ioaohim
1249 1507 1278 1560 in
1296 1505 1373 1560 Oula-

258 1577 328 1647 bria,
357 1576 404 1644 qui
430 1577 523 1645 plures
547 1577 632 1630 libros
657 1594 739 1646 super
756 1577 924 1631 Iheremiam
943 1581 971 1631 et
988 1575 1187 1646 Apochalipein
1206 1580 1234 1630 et
1252 1576 1286 1631 de
1304 1594 1373 1630 om·
1394 1589 1419 1628 rs

258 1648 366 1701 nibus
384 1647 540 1716 prophetis
559 1648 728 1717 conscripsit,
747 1651 781 1701 et
799 1647 1010 1717 inperatori
1029 1652 1064 1701 et
1082 1648 1185 1701 alliis
1203 1648 1314 1717 regibus
1331 1664 1373 1700 re-

259 1718 429 1786 quirentibus
459 1719 494 1772 ab
524 1717 584 1788 ipso
615 1718 649 1772 de
678 1718 899 1788 peregrinatione
929 1719 958 1771 in
983 1718 1098 1773 Terram
1122 1717 1261 1786 Sanctam,
1291 1735 1374 1786 quam

258 1789 404 1859 faciebant,
422 1788 551 1858 predixit,
571 1789 644 1857 quod
656 1806 754 1857 parum
766 1788 939 1858 proficerent,
958 1807 990 1843 eo
1003 1789 1078 1858 quod
1096 1789 1251 1842 numdum⁸
1266 1791 1374 1858 tempus

207 1871 248 1911 sc.
259 1859 418 1916 advenisset.
533 1859 617 1914 Anno
635 1859 780 1913 Domini
798 1859 1002 1916 M⁰0LXVIIL
1021 1859 1164 1914 Loubardi
1182 1859 1327 1928 coloniam,
1346 1857 1374 1911 id

259 1935 300 1985 est
317 1948 418 1985 novam
436 1931 597 1984 colonorum
615 1930 822 1998 habitationem,
841 1931 972 1984 facientes
991 1947 1052 1984 eam
1070 1931 1105 1984 ab
1124 1930 1284 1984 Alexandro
1302 1947 1375 1998 papa
1393 1943 1420 1981 ae

258 2001 457 2056 Alexandriam
465 2005 642 2056 vocaverunt.
663 2001 733 2054 Allii
745 2001 1013 2072 Civitatem-novam,
1027 2001 1174 2070 Papienses
1186 2017 1251 2054 vero
1262 1999 1375 2054 Paleam

117 2082 343 2142 nummusque
372 2074 401 2126 iu
427 2071 592 2126 hodiernum
619 2071 693 2124 diem
718 2072 871 2140 appellant;
902 2076 1010 2140 postea
1037 2088 1123 2126 vero
1152 2071 1187 2124 ad
1213 2071 1375 2140 petitionem

259 2143 469 2197 Loubardorum
497 2142 640 2196 constituit
667 2140 712 2195 eil1
735 2142 907 2211 episcopum,
933 2142 1097 2211 Papiensem
1124 2159 1189 2196 vero
1217 2142 1375 2210 episcopum

259 2213 332 2283 palei
349 2217 377 2268 et
395 2213 483 2266 crucis
502 2212 637 2282 dignitate
654 2213 781 2280 privavit,
807 2229 840 2266 eo
866 2213 939 2281 quod
956 2213 1103 2268 Frederico
1127 2212 1277 2282 inperatori
1295 2215 1323 2264 et
1341 2212 1375 2264 ab

261 2301 373 2369 antiquo
391 2299 502 2371 regibus
520 2301 742 2370 persequtoribus
761 2300 874 2355 ecclesie
892 2299 1047 2357 adhesisset.
1116 2291 1218 2354 Anno
1234 2288 1376 2352 Domini
1394 2313 1421 2352 2⁵

117 2366 571 2468 ΜΝΞΞΜΟΟΙΑΧἮΠΙ(πθ
588 2389 682 2458 fulgur
699 2388 799 2443 cecidit
816 2389 845 2442 in
863 2389 977 2442 ecclesia
995 2388 1203 2446 cremonensis.
1272 2387 1376 2441 Huius

260 2465 391 2529 tempore
409 2463 559 2513 teremotus
576 2459 671 2528 magni
682 2458 794 2513 fuerimt
811 2477 862 2528 per
880 2461 949 2527 loca,
967 2460 1007 2513 ita
1019 2460 1092 2528 quod
1105 2460 1200 2514 civitas
1213 2460 1376 2526 Antyoeena

261 2549 324 2584 cum
343 2530 448 2598 Tripoli
476 2529 583 2598 cecidit,
612 2534 693 2599 atque
710 2529 860 2584 Damascus
888 2547 951 2583 oum
978 2531 1072 2584 multis
1091 2531 1162 2584 alliis
1180 2531 1309 2584 subversa
1327 2533 1376 2584 est.

260 2601 338 2655 Tunc
357 2617 465 2669 quoque
477 2600 653 2655 Oathenensis
672 2601 767 2655 civitas
785 2601 894 2670 penitus
913 2616 1007 2655 eversa
1025 2605 1075 2670 eet,
1095 2605 1123 2654 et
1139 2602 1201 2670 plus
1220 2617 1303 2669 quam
1320 2599 1377 2652 XX
1483 2607 1489 2620 '

260 2687 292 2742 M
321 2689 464 2742 hominum
494 2689 523 2742 in
553 2688 663 2744 Seicilio
698 2689 832 2743 submersi
862 2693 933 2745 sunt.
1094 2679 1197 2741 Anno
1236 2675 1377 2740 Domini
1395 2701 1422 2741 eo

169 2747 249 2856 ,1023ss
260 2765 510 2843 M⁰OLXXIIL
534 2765 724 2830 indictione
744 2765 841 2843 viia,
866 2765 1042 2829 Nonarum
1068 2765 1139 2829 111.
1163 2766 1238 2829 Ian.
1263 2765 1376 2828 aicius

261 2854 419 2918 dominus
450 2875 539 2938 pape
569 2854 815 2937 privillegiavit
852 2847 1118 2918 monasteriumf
1146 2853 1258 2918 sancti
1288 2853 1376 2916 Lau·

260 2943 386 3006 rentii⁸
405 2942 556 3006 civitatis
573 2941 740 3005 Cremone
758 2941 1069 3024 supplicationibus
1085 2941 1278 3025 Burgondii
1292 2945 1376 3004 tune

261 3031 396 3095 abbatie
428 3029 513 3093 dieti
541 3022 775 3106 monasteriii,
807 3029 1030 3112 pontificatus
1062 3031 1217 3095 eiusdem
1247 3027 1377 3093 domini

559 3109 606 3154 Μ

121 3139 348 3288 Μαζῑΐ’ὲιξξῖρᾶρθ
369 3117 882 3280 {iiiiiikXDiiminiM⁰0LliilIII.1·⁶
901 3199 1100 3257 eiusdemm.
1139 3200 1255 3254 Sanctus
1277 3199 1378 3254 Tomas
1396 3141 1423 3182 ,ὅ

183 3270 188 3282 ’
262 3269 463 3323 Oantuarreusis
481 3269 701 3339 archiepiscopus
719 3270 747 3324 in
766 3270 882 3324 ecclesia
900 3288 948 3324 sua
966 3271 1179 3341 metropolitana
1197 3270 1333 3325 occiditur
1351 3273 1379 3323 et

368 3465 390 3516 a)
408 3465 439 3504 stc
453 3476 472 3504 c.
526 3465 550 3516 b)
570 3475 612 3514 seq.
628 3465 670 3504 Hic
688 3476 739 3505 cum
758 3476 824 3506 omne
837 3466 995 3516 patrimonium
1014 3467 1076 3506 delet.
1092 3477 1119 3516 a,
1138 3475 1192 3516 quae
1209 3466 1274 3505 cerba
1288 3465 1380 3504 Martini

262 3518 323 3566 infre
332 3529 359 3566 p.
369 3519 403 3568 29,
417 3519 433 3557 1.
443 3518 469 3557 18
476 3529 520 3567 app.
535 3519 626 3566 repetita
639 3522 696 3558 susa.
742 3519 763 3570 o)
778 3519 870 3560 cremori
879 3530 898 3560 e.
910 3541 934 3548 -
944 3520 995 3558 Alio
1005 3523 1084 3559 atram.
1094 3521 1118 3558 tn
1126 3530 1211 3566 more:
1224 3519 1285 3559 Nota
1295 3517 1323 3558 de
1333 3518 1384 3567 epi··

262 3583 330 3620 acopo
344 3571 441 3611 cremon
455 3571 588 3611 scismatico.
643 3569 666 3620 d)
682 3571 715 3611 eis
728 3572 818 3613 Martiis.
872 3573 894 3624 e)
909 3573 999 3612 cremori
1013 3584 1031 3612 c.
1087 3571 1171 3624 omen
1184 3583 1202 3614 c.
1258 3574 1281 3621 g)
1296 3570 1345 3610 laur
1360 3582 1378 3610 e.
1397 3573 1425 3612 10

263 3625 286 3676 b)
300 3625 324 3663 in
337 3635 421 3673 neure:
433 3625 467 3664 De
481 3625 562 3664 abbate
576 3622 619 3664 11⁰
631 3624 683 3663 mon
697 3626 770 3664 saneti
784 3625 852 3665 Laui.
907 3625 924 3672 1)
944 3626 1028 3675 reliqua
1037 3635 1094 3673 pars
1103 3625 1201 3674 pupinus
1215 3625 1270 3674 1⁶1¹,
1289 3624 1380 3673 putasque

264 3678 349 3717 circiter
362 3687 468 3726 vacuum,
482 3681 551 3718 voca.
630 3677 653 3726 k>
675 3679 695 3716 A
710 3679 782 3716 littero
795 3679 888 3717 initialia
900 3679 967 3717 minio
981 3679 1093 3728 piapenda
1106 3679 1170 3717 deest.
1238 3677 1255 3726 l)
1275 3675 1378 3716 Lxxm.
1432 3677 1436 3684 '

262 3741 329 3769 manu
338 3729 422 3769 Altera
431 3731 455 3769 tn
464 3731 510 3768 leco
519 3740 577 3770 raso.
589 3751 612 3760 -
623 3730 676 3769 Alto
681 3732 803 3778 posteriore
816 3741 883 3770 manu
897 3733 920 3770 in
933 3742 1017 3780 mare:
1031 3731 1090 3770 Nota
1099 3729 1128 3770 de
1138 3735 1216 3770 sancto
1226 3731 1313 3770 Thema
1322 3728 1380 3769 Gau·

263 3784 353 3823 tuarier'i
366 3784 542 3832 archiepiscopo.
596 3783 627 3836 m)
641 3784 717 3833 supple
731 3789 840 3833 tempore.

371 3941 397 4007 1)
414 3939 463 3994 hos
481 3943 537 3994 tres
555 3983 562 3997 .
578 3982 605 3997 ..
625 3941 695 3996 fovit
712 3942 791 3994 cerba
809 3947 873 3994 aunt
890 3943 1007 4010 Siccrds',
1026 3942 1122 4009 quibus
1139 3957 1152 3994 e
1171 3942 1225 3994 loeo
1243 3942 1382 4010 superiore
1398 3953 1426 3992 ss

263 4013 300 4078 (Ρ.
310 4013 355 4078 27,
369 4012 386 4066 l.
395 4011 514 4078 iii-37)
526 4013 646 4079 repetitis
658 4013 784 4066 Alterius
795 4011 915 4064 Martini
927 4014 1010 4066 locum
1026 4015 1183 4067 immutavit.
1237 4012 1265 4078 2)
1275 4010 1380 4065 Sicard.

264 4083 417 4135 bacchatae
434 4085 471 4135 ad
486 4099 512 4138 c.
527 4086 604 4143 1167.
667 4085 696 4151 3)
716 4083 770 4134 Per
787 4098 906 4136 errorem
924 4083 987 4136 hoec
998 4084 1123 4136 ailbertus
1141 4083 1177 4135 ad
1195 4099 1221 4138 a.
1236 4084 1314 4138 1169.
1333 4082 1382 4132 ad·

263 4155 379 4220 scripsit,
398 4169 465 4220 puae
477 4153 608 4206 sicardus
626 4154 663 4205 ad
681 4170 706 4207 a.
722 4155 799 4208 1175.
819 4153 903 4208 hate.
956 4155 985 4221 4)
1001 4153 1183 4220 Prioileps‘um,
1200 4170 1235 4206 ec·
1249 4167 1301 4220 quo
1319 4151 1383 4204 baec

263 4229 389 4292 excerpta
400 4230 472 4292 aunt,
485 4239 539 4276 non
549 4228 643 4278 metat.
663 4224 706 4288 cr.
713 4222 746 4276 P.
753 4223 831 4276 Κάιν
840 4225 871 4276 s'n
881 4224 1066 4276 ‘Noebrictten
1074 4225 1182 4277 omder
1190 4224 1255 4290 Kpl.
1265 4223 1324 4275 Ges.
1334 4223 1382 4273 der

269 4295 346 4350 Wiae.
357 4311 393 4347 zu
405 4295 555 4362 Gottinpcn,
567 4294 901 4354 Philol.-aie.Kz.’1soe.
913 4295 998 4360 (Geli.
1009 4297 1091 4355 1904)
1102 4311 1129 4361 p.
1140 4297 1201 4351 547.
1232 4294 1346 4346 Indictis
1359 4297 1383 4344 et
1400 4305 1429 4345 io

265 4381 354 4418 onnus
368 4366 543 4432 pontificatus
560 4381 619 4418 cum
637 4382 663 4420 a.
678 4367 755 4421 1174.
774 4373 933 4432 conpressit.
999 4367 1027 4434 b)
1047 4364 1128 4418 Hune
1146 4381 1249 4418 oneum
1267 4365 1382 4430 (falsam
