3232 5028
458 448 629 506 ORONIGA
645 449 817 505 ALBDRTI
834 449 885 504 DE
903 449 1076 508 BDZANIS.
1293 455 1329 510 37

420 639 454 694 17
477 632 577 714 Deae,
602 631 743 697 omnium
766 639 890 698 creator

478 727 571 802 atque
592 719 703 785 mandi
723 721 926 804 paternator,

482 807 544 891 Qui
567 808 720 874 convertit
741 809 842 874 Paala'
863 816 1004 891 mentera

478 897 525 962 sie
548 899 713 962 concordet
733 897 830 962 istam
849 905 981 980 pentem,

484 985 527 1051 Ut
547 1006 613 1050 non
635 985 679 1050 sit
700 985 738 1050 in
760 985 807 1050 eis
830 987 943 1051 bellan

475 1093 574 1156 omae
597 1072 728 1155 aliquod
747 1075 920 1156 stapellarn.

417 1205 451 1259 18
475 1197 501 1262 I
502 1196 533 1263 bi
549 1217 621 1279 poa
643 1203 689 1262 est
710 1196 872 1278 ordinata,

473 1285 665 1350 iuramentis
686 1291 716 1350 et
736 1287 877 1367 firmata,

481 1374 595 1441 Utrum
616 1394 693 1438 aera
715 1373 766 1456 sit,
790 1374 980 1457 arsamus&

473 1483 582 1528 aeram
605 1483 670 1527 esse
692 1483 750 1528 noe
770 1459 955 1546 pestimasb,

473 1551 543 1616 Deo
564 1549 691 1633 pratiae
713 1550 896 1616 dicamur!

473 1661 581 1705 oerum
603 1659 669 1704 esse
691 1659 750 1704 noe
772 1660 948 1723 speramns.

308 1760 392 1812 Anno
410 1757 522 1812 Domini
539 1756 724 1813 Mami.
761 1757 831 1811 (lum
849 1757 991 1812 Lonberdi
1013 1761 1109 1813 eontra
1125 1759 1321 1828 imperatorem
1330 1778 1373 1818 sa.

199 1830 274 1900 apud
292 1829 445 1884 Oastezium
464 1828 626 1900 congregati
644 1829 768 1896 fuissent,
786 1845 833 1883 eos
850 1828 965 1882 redditis
983 1829 1100 1900 gladiisd
1117 1831 1273 1900 subiugavit
1292 1835 1320 1884 et

153 1913 180 1954 ss
198 1903 228 1955 in
253 1901 393 1955 deditione
418 1899 525 1968 inperio
548 1899 632 1970 digna
653 1899 766 1968 recepit.
873 1898 981 1954 Dodem
1006 1917 1077 1954 anno
1103 1900 1196 1970 fulgur
1221 1899 1320 1954 eeeidit

198 1973 229 2025 in
260 1971 374 2026 eeclesia
398 1969 636 2026 cremonenses,
768 1969 852 2023 Anno
877 1968 990 2023 Domini
1015 1969 1215 2025 M00Lxxvr.
1258 1969 1319 2024 In-

198 2046 352 2112 perator
381 2041 455 2111 apud
482 2041 658 2110 Lagnianum
689 2040 837 2109 dimicans,
868 2040 1004 2095 exereitus
1034 2041 1092 2094 eius
1123 2059 1139 2094 a
1164 2040 1319 2095 Lonbordis

197 2113 324 2170 vincitur.
361 2112 385 2167 Ο
404 2116 466 2166 rota
484 2113 603 2180 fortune,
625 2129 678 2180 qne
695 2129 769 2165 nuno
786 2111 927 2176 humiliat,
945 2128 1019 2166 uuna
1037 2111 1154 2165 exaltet!
1180 2127 1244 2180 ymo
1263 2129 1320 2166 uon

197 2185 317 2252 f01tuua,
343 2187 385 2238 set
402 2183 544 2251 Dominus,
570 2183 617 2251 qui
641 2183 786 2248 mortificat
807 2189 832 2236 et
849 2184 972 2249 vivificat,
997 2183 1101 2236 adasa
1119 2185 1156 2235 ad
1173 2183 1278 2247 inferos
1295 2189 1319 2236 et

150 2267 180 2307 πο
197 2257 308 2322 reducit,
324 2257 457 2308 Dominae
470 2271 619 2322 pauperem
637 2257 703 2319 facit
721 2260 745 2306 at
762 2256 840 2318 ditat,
858 2255 986 2307 hamdiat
1002 2260 1026 2307 et
1041 2254 1166 2310 adurat
1196 2252 1320 2308 Videns²

197 2327 283 2397 igitur
307 2325 456 2395 inperator,
481 2329 547 2394 qaia
571 2341 626 2378 non
650 2328 680 2377 in
704 2326 867 2390 fertitudine
883 2341 935 2377 aaa
952 2325 1126 2378 roborabitur
1143 2328 1194 2392 atr,
1213 2323 1318 2392 videns,

197 2397 262 2466 quia
279 2396 354 2452 Deus
373 2397 476 2450 exaltat
498 2395 615 2449 humiles
641 2399 669 2450 et
693 2394 808 2464 deponit
832 2397 966 2464 potentes
994 2394 1217 2462 oonsoideransf,
1245 2395 1320 2464 quod

197 2467 339 2522 ecelesiam
357 2483 435 2520 suam
454 2465 579 2520 feudavit
597 2483 679 2536 supra
694 2465 803 2520 firmam
817 2473 933 2534 petram,
953 2471 977 2519 et
990 2473 1070 2534 porte
1081 2468 1168 2531 inferi
1184 2482 1238 2520 nan
1253 2483 1318 2535 pre·

196 2540 320 2592 oaabant
345 2540 474 2591 adoreas
498 2554 566 2604 mm,
592 2539 626 2590 et
650 2540 714 2606 post
735 2537 836 2590 multas
853 2536 1057 2606 persecutiones
1073 2554 1124 2606 per
1141 2537 1230 2591 multu
1247 2539 1317 2590 tem·
1328 2555 1394 2596 um.
1405 2558 1461 2607 οη,

45 2627 47 2630 ·
148 2621 178 2660 se
196 2626 265 2679 pora
282 2625 355 2678 pape
371 2607 533 2663 Alexandro
551 2609 646 2676 foetas,
674 2612 708 2662 et
735 2607 845 2675 timens,
872 2624 907 2661 ne
935 2625 951 2660 a
979 2607 1101 2662 dominio
1129 2624 1178 2662 suo
1207 2607 1318 2662 eederet

195 2684 310 2750 propter
326 2679 536 2734 rebellationem
554 2678 814 2748 Langobardorum,
841 2677 901 2747 qui
926 2681 1023 2732 eontra
1047 2679 1136 2747 ipsum
1157 2678 1318 2733 rebelle·

195 2754 340 2818 verant,
359 2754 388 2804 et
404 2767 476 2820 pape
492 2749 646 2804 Alexandri
661 2749 882 2818 prosperitatem,
900 2749 988 2801 missis
1006 2749 1194 2818 solempnibus
1211 2749 1318 2802 nonoiis

196 2821 340 2876 domino
358 2837 449 2890 pape
467 2825 623 2896 propter
641 2819 936 2888 reconciliationem,
956 2823 1011 2873 ets
1026 2819 1062 2872 in
1079 2819 1146 2872 hoo
1163 2819 1317 2872 multum

195 2892 340 2946 laboravit.
389 2891 543 2946 Tandem
580 2891 745 2945 dominus
781 2890 975 2960 inperator
1009 2889 1166 2944 humiliavit
1201 2905 1230 2943 se
1263 2889 1369 2942 subse.

50 2997 60 3012 .
147 2974 177 3014 so
195 2963 302 3032 potenti
325 2979 410 3016 manu
434 2963 487 3017 Dei
511 2966 540 3018 et
563 2979 660 3032 paoem
685 2961 830 3030 conposuit
848 2960 921 3030 apud
938 2959 1071 3015 Venetiae
1090 2977 1153 3014 eum
1172 2959 1315 3014 domino

195 3051 356 3106 Alexandro
374 3066 481 3104 summo
499 3049 637 3120 pontifice,
663 3037 873 3102 absolvendo
897 3057 986 3115 eum,
1010 3037 1170 3122 ponendo
1192 3036 1316 3120 pedem

194 3147 299 3211 snper
322 3127 449 3192 collum
473 3127 690 3212 inperatoris,
721 3126 882 3192 dicendo:
915 3125 1019 3206 Super
1041 3123 1184 3207 aspidem
1213 3130 1243 3188 et
1264 3124 1446 3198 iia-nona.

193 3209 375 3282 scateam?
401 3215 579 3280 ambitionis
614 3221 644 3280 et
672 3212 868 3280 cananaeis
897 3213 1017 3278 leonem
1049 3219 1080 3278 et
1107 3213 1317 3294 draoonern³;

196 3305 324 3368 dieitur
346 3307 422 3368 tum
444 3305 677 3388 inperatorem
701 3303 842 3367 dixisse:
876 3301 966 3367 ‘Non
988 3302 1065 3380 tibi,
1090 3307 1143 3367 set
1165 3300 1313 3366 Petro'e

146 3495 175 3536 86
301 3495 324 3546 a)
344 3495 443 3535 norimus
456 3505 474 3535 a.
542 3495 566 3546 b)
587 3494 696 3542 gessimus
711 3504 729 3532 a.
797 3493 817 3542 e)
839 3492 933 3532 eramus
947 3504 966 3533 s.
1035 3493 1057 3542 d)
1077 3503 1120 3542 seq.
1135 3491 1198 3532 srqu
1215 3491 1278 3532 asta.
1295 3503 1313 3534 e.

194 3546 217 3600 e)
231 3549 323 3588 cremori
337 3559 356 3590 e.
410 3549 473 3598 nsts
487 3558 506 3588 a.
561 3547 583 3595 g)
597 3557 640 3597 seq.
653 3547 668 3586 h
682 3547 744 3588 aelst.
760 3557 779 3587 a.

304 3697 331 3767 1)
349 3695 424 3750 Haeo
441 3698 497 3748 iam
514 3712 602 3764 supra
615 3713 646 3764 p.
658 3698 703 3762 28,
724 3696 742 3752 l.
754 3698 798 3752 26.
852 3696 879 3764 2)
896 3696 1038 3764 Sequentia
1049 3697 1106 3747 iam
1122 3710 1212 3763 snpra
1225 3711 1256 3762 p.
1269 3696 1313 3760 29,

195 3769 213 3823 l.
227 3771 262 3824 13
273 3785 328 3836 sqq.
382 3770 412 3836 3)
432 3767 538 3820 Eadem
555 3767 680 3831 fobnhsa
697 3772 855 3820 nar-rantur
870 3769 901 3820 in
915 3768 1062 3819 recessione
1073 3767 1101 3817 D
1113 3765 1239 3818 (iream
1255 3765 1314 3817 Gri-

195 3839 268 3891 berto
294 3839 423 3904 addietae,
450 3837 498 3894 33.
517 3837 626 3905 XXIV,
649 3840 767 3905 p.134;
794 3839 825 3890 in
850 3838 988 3890 Rielsardi
1010 3837 1112 3891 Pietas.
1134 3835 1208 3892 Cant.
1229 3836 1312 3902 Itala,

147 3920 177 3958 so
195 3910 244 3965 SS.
262 3909 371 3974 XXVI,
395 3927 425 3978 p.
437 3911 488 3975 853
515 3911 546 3961 in
572 3909 688 3961 Granico
714 3909 848 3961 Iohannis
873 3909 905 3960 ds
926 3909 990 3974 Deo,
1017 3907 1066 3962 33.
1083 3905 1193 3974 XXXI,
1216 3923 1247 3976 p.
1261 3909 1314 3963 323

194 3980 272 4046 (inda
295 3982 325 4032 in
344 3981 423 4036 Gran.
442 3979 607 4046 Marttuana,
635 3979 684 4035 33.
703 3979 810 4046 XXIV,
834 3981 961 4046 p.217)‚·
988 3993 1006 4029 a
1028 3977 1133 4030 laona
1159 3979 1191 4030 aa
1214 3977 1313 4046 Paps'a,

95 4105 99 4112 ,
195 4051 243 4105 33.
256 4050 353 4117 XXII,
374 4067 405 4118 p.
418 4053 479 4107 506.
515 4050 611 4103 Masso
627 4053 708 4103 etiam
725 4050 789 4104 aaa
812 4049 950 4116 sinperlari
970 4049 1048 4102 mado
1065 4049 1097 4100 ds
1113 4047 1253 4101 Fridaioo
1271 4049 1313 4101 IL

194 4123 357 4188 imperatore
380 4127 404 4174 et
423 4121 555 4188 drepanio
572 4122 624 4178 IX.
642 4137 722 4190 papa
738 4127 859 4173 narrata
883 4135 936 4173 esee
952 4122 983 4172 in
1002 4120 1129 4172 ‘dimitto
1146 4119 1176 4172 di
1192 4119 1315 4172 manate

193 4192 265 4258 depli
281 4193 449 4259 imperadori
464 4208 484 4244 a
500 4209 568 4244 aare
585 4193 616 4244 di
631 4193 664 4248 L.
682 4192 726 4244 aa
741 4191 826 4245 Prsta’
844 4190 948 4256 (arao
967 4192 1050 4250 1858)
1062 4207 1094 4258 p.
1106 4192 1150 4246 36.
1228 4189 1257 4258 4)
1275 4188 1314 4240 Et

147 4271 176 4311 ss
190 4263 379 4330 praecederetis
396 4278 455 4315 enm
467 4279 546 4316 oasa
561 4263 664 4331 psalna
680 4269 705 4315 et
721 4262 787 4314 hasa
803 4261 880 4314 nabet
890 4261 949 4316 Ioh.
966 4261 1070 4314 Vsiioni
1084 4261 1116 4327 V,
1129 4263 1155 4325 8,
1173 4260 1222 4327 qui
1230 4261 1313 4311 etiam

195 4333 289 4385 aaaa:
321 4349 336 4386 e
361 4333 380 4386 ’l
403 4349 477 4402 papa
498 4333 636 4401 rispuose:
669 4331 739 4402 ‘Dgo
769 4349 831 4385 sum
855 4331 972 4386 vicarius
996 4330 1090 4387 Petri’.
1133 4329 1312 4382 ‘Oronseisetta

191 4403 362 4456 Biornstina’
381 4406 582 4470 nlo-late,
606 4403 699 4459 Putet.
724 4405 762 4456 da
786 4404 819 4457 II.
837 4403 970 4470 Boeds'per
993 4403 1121 4468 (rames
1139 4401 1222 4466 1888)
1235 4416 1267 4466 p,
1285 4402 1312 4466 2,
