3232 5028
452 483 618 541 ORONICA
637 483 810 540 ALBDRTI
827 484 878 540 Du
896 483 1071 542 BEZANIS.
1285 488 1321 542 83

198 661 228 714 in
246 661 393 716 Alamania
411 679 474 716 cum
492 661 633 730 triumpho
658 661 742 716 rediit
766 661 900 731 inperiali.
946 661 1063 716 Huius
1090 663 1460 731 temporibusoaasna

198 733 345 800 quidam
362 732 515 786 Gulielmua
534 736 614 786 erat
628 749 678 786 rex
694 731 899 802 Syculorum3
918 737 981 802 post
999 733 1136 787 dictum
1151 733 1319 788 Gulielmum

198 805 348 857 successit
375 805 470 856 alius
499 803 652 857 Gulielmus
680 805 833 857 multum
860 803 996 858 formosus
1026 809 1061 858 et
1088 804 1181 874 gladio
1207 805 1318 874 probus.

198 873 287 928 Erat
314 878 433 928 antem
452 874 527 942 apud
544 874 671 943 Danaos,
699 873 735 928 id
763 879 818 929 est
846 874 996 942 Grecos,
1024 875 1231 943 inperator,
1260 877 1319 944 qui

167 943 334 999 cEmanuel
364 945 517 1012 nomine,
548 945 650 998 cuius
680 945 816 1014 inperium
846 946 958 1014 rapuit
988 945 1134 1013 quidam
1164 951 1316 1014 tyrapnus³

198 1017 341 1070 nomine
357 1015 543 1084 Andronicus,
561 1015 689 1084 princeps
707 1016 849 1082 scelerum,
869 1017 904 1070 ab
923 1033 986 1070 ause
1005 1017 1093 1069 cuius
1110 1033 1238 1085 proceres
1251 1015 1319 1070 Gre-

198 1101 294 1140 corum
321 1087 431 1142 cadunt.
468 1086 517 1140 Do
545 1090 665 1140 autem
692 1090 856 1155 tempore
874 1086 1030 1140 Lodovious
1056 1104 1107 1141 rex
1124 1087 1319 1141 Francorum

197 1157 286 1212 obiit.
319 1157 496 1210 Andronicus
515 1161 634 1210 autem
659 1158 836 1211 consobrinus
854 1156 992 1212 Manuelis
1014 1159 1177 1226 inperatoris
1195 1162 1319 1227 tempore

196 1226 347 1281 iuventutis
366 1245 414 1282 sue
432 1227 525 1296 rapuit
544 1227 682 1296 quandam
708 1229 899 1282 consobrinam
924 1245 1010 1296 suam,
1038 1246 1100 1282 oum
1128 1246 1182 1296 qua
1209 1229 1319 1282 secessit

150 1314 178 1351 ro
196 1298 225 1350 in
243 1300 318 1351 terra
336 1298 519 1366 Turchorum,
546 1299 640 1366 ibique
658 1315 744 1366 usque
763 1298 798 1352 ad
817 1299 922 1352 obitum
940 1299 1078 1353 Mancelis
1095 1303 1237 1368 tamquam
1256 1301 1318 1352 exul

195 1369 356 1436 permansit.
386 1369 525 1423 Defuncto
542 1368 673 1422 Manuele
691 1373 720 1422 et
736 1369 805 1424 tillio
824 1371 882 1423 eius
900 1369 1001 1423 Alexio
1019 1388 1070 1438 pro
1088 1375 1167 1438 patre
1186 1375 1319 1438 regnante

196 1438 374 1493 Andronicus
399 1457 462 1493 cum
486 1441 610 1494 exercitu
629 1439 800 1494 Turchorum
819 1440 1084 1509 Constantinopolim
1102 1441 1179 1496 venit
1204 1447 1233 1494 et
1250 1443 1318 1495 urbe

196 1513 333 1578 occupata
350 1509 482 1564 Alexium
509 1515 537 1564 et
564 1527 686 1564 sororem
714 1512 771 1564 eius
796 1510 915 1564 Mariam
942 1516 971 1564 et
997 1513 1126 1566 maritum
1149 1511 1318 1580 Raynerium

196 1579 385 1648 Loubardum,
403 1582 590 1635 marchionem
603 1580 799 1635 Montisferat
805 1582 823 1648 i,
842 1583 984 1648 interimit,
1003 1599 1098 1637 omncs
1110 1583 1169 1636 fere
1182 1583 1318 1651 principes

149 1665 177 1704 ro
197 1650 296 1705 Grecie
314 1656 362 1705 aut
380 1652 467 1705 occidi
486 1657 534 1705 aut
552 1653 640 1706 occari
658 1653 785 1721 precipit.
820 1652 934 1706 Latinos
962 1670 1055 1707 omncs
1082 1655 1111 1706 in
1131 1653 1231 1708 Grecia
1253 1670 1317 1708 con-

195 1725 335 1775 morautes
364 1722 480 1776 mandat
510 1723 614 1791 occidi,
651 1740 679 1776 se
710 1724 798 1777 solum
834 1724 1018 1792 inperatorem
1049 1724 1126 1780 iubet
1155 1725 1318 1778 terribiliter

194 1793 335 1859 venerari,
363 1811 449 1846 unum
474 1795 563 1847 solum
581 1794 733 1862 principem
745 1793 836 1847 Ysasc
854 1793 889 1848 de
907 1795 984 1862 regio
1002 1796 1134 1864 sanguine
1151 1795 1217 1848 ficta
1235 1795 1316 1848 dilec-

194 1863 270 1916 tione
288 1863 402 1917 vivumb
419 1864 449 1916 in
461 1865 529 1918 urbe
541 1866 667 1933 servavit,
687 1883 768 1932 quem
780 1865 893 1918 tandem
905 1864 1009 1919 habens
1022 1869 1179 1933 suspectum
1192 1865 1317 1919 similiter

161 1935 162 1938 ’
194 1933 312 2002 perdere
330 1935 470 2004 cogitavit.
501 1934 554 1988 Ille
568 1952 631 1988 eum
643 1935 679 1988 de
690 1940 772 1990 nocte
784 1936 931 1989 occaxione
944 1936 1062 2004 coloquii
1079 1937 1114 1989 ad
1127 1936 1316 1990 Andronicum

146 2019 176 2058 ao
194 2008 318 2072 vocatur,
337 2010 368 2058 ut
386 2009 489 2074 pereat,
509 2006 593 2059 11010ὓ
610 2007 730 2074 prescito
749 2006 900 2074 fraudeque
918 2007 1080 2075 precognita
1099 2007 1239 2074 nuncium,
1268 2009 1315 2074 qui

195 2091 259 2127 eum
278 2075 313 2128 ad
331 2081 449 2130 mortem
467 2081 557 2143 vocat,
584 2093 668 2130 manu
696 2095 744 2130 sua
763 2081 876 2146 repente
893 2076 1024 2131 interficit
1049 2081 1077 2131 et
1095 2077 1168 2146 apud
1186 2075 1315 2132 Sanctam

194 2144 335 2214 Sophyam
354 2147 510 2201 convocatis
529 2147 633 2202 civibus
652 2165 762 2200 causam
779 2148 935 2202 traditionis
953 2148 1073 2216 exponit.
1111 2148 1231 2202 Aserens
1254 2149 1315 2202 uni-

192 2233 302 2270 versum
320 2218 454 2286 populum
479 2217 605 2272 similiter
632 2220 794 2286 periturum,
821 2219 874 2272 nisi
900 2224 1032 2287 tyrapnus
1050 2219 1227 2273 Andronicus
1244 2221 1316 2287 peri-

192 2291 292 2343 matur.
329 2287 416 2342 Facto
445 2289 530 2358 igitur
557 2289 678 2343 clamore
705 2291 734 2342 in
752 2291 855 2358 populo
873 2289 1049 2362 Andronicus
1067 2291 1174 2359 capitur
1192 2295 1221 2342 et
1238 2307 1315 2344 meu·

144 2371 174 2412 ao
192 2357 294 2411 bratim
313 2359 514 2427 succinditurd,
532 2377 587 2413 uno
605 2361 701 2413 occulo
717 2365 860 2428 cacatum,
878 2365 909 2414 ut
926 2377 988 2414 cum
1007 2361 1093 2414 altero
1111 2379 1160 2414 sua
1177 2365 1317 2414 tormenta

192 2428 307 2496 videret,
335 2429 374 2482 ita
392 2430 480 2499 quod
497 2427 577 2498 prius¹
592 2448 608 2484 a
626 2431 787 2484 mulieribus
814 2435 842 2484 et
869 2448 886 2484 a
911 2432 1015 2500 populo
1043 2431 1189 2500 lapidatur,
1216 2433 1315 2499 laqueo

191 2517 242 2567 per
261 2516 355 2554 omnes
373 2501 447 2555 vicos
466 2501 542 2554 urbis
561 2500 712 2556 decorosef
727 2502 846 2555 trahitur
871 2505 899 2556 et
923 2503 1116 2557 miserabiliter
1134 2503 1314 2558 exanimetur.

191 2569 276 2624 Anno
302 2570 414 2625 Domini
433 2570 581 2628 MOLVII.
602 2570 822 2626 Mediolanenses
850 2576 970 2626 castrum
997 2572 1175 2642 Papiensium
1202 2573 1367 2631 nomineris.

191 2640 401 2710 Veugnevalum
429 2642 638 2711 destruxerunt,
667 2641 825 2696 Terdonam
852 2643 1108 2698 rehedificaverunt.
1228 2645 1312 2698 Anno

142 2727 172 2766 oo
191 2711 304 2765 Domini
322 2711 524 2781 ΜΟΟΙΝΠΙΕ,
544 2713 752 2766 indictione
770 2712 849 2781 VIa,
877 2714 1017 2782 inperator
1038 2716 1066 2767 in
1084 2714 1179 2769 Ytalia
1206 2715 1313 2769 rediens

189 2798 346 2854 Brixicnses
365 2805 394 2854 et
406 2799 646 2856 Mediolanensesh
663 2801 834 2872 inpugnavit,
852 2800 978 2856 Laudem
996 2801 1122 2856 fondavit
1139 2793 1176 2854 in
1195 2797 1312 2856 monte

191 2873 339 2940 Gezonis
350 2876 371 2938 1·
409 2888 599 2942 Mediolanum
618 2889 734 2958 obsedit,
760 2893 801 2943 set
819 2889 913 2944 federe
932 2890 1006 2944 facto
1025 2890 1161 2960 discedit,
1188 2896 1216 2944 et
1233 2908 1311 2960 rega·

189 2958 262 3012 libus
280 2959 424 3030 resignatis
441 2977 539 3029 pacem
557 2977 621 3014 cum
633 2959 789 3014 Lonbardis
802 2961 945 3028 conposuit
964 2965 992 3015 et
1009 2962 1084 3032 leges
1102 2961 1131 3015 in
1144 2961 1312 3018 Roncalibus

189 3045 320 3104 condidit.
447 3047 531 3101 Anno
556 3047 669 3102 Domini
693 3047 909 3102 1100111111οΓ
933 3039 1107 3102 Adrianus
1131 3059 1222 3122 papa
1245 3059 1312 3102 mo·

139 3145 170 3185 un
188 3123 288 3199 ritur,
314 3129 349 3188 eb
369 3135 530 3190 Alexander
547 3154 619 3206 papa
638 3136 916 3204 substituiturl,
935 3155 998 3191 cum
1016 3155 1083 3206 quo
1102 3140 1219 3207 pessime
1237 3141 1313 3193 stetit
1323 3148 1389 3191 Mars.
1399 3150 1454 3198 Orc.

188 3205 337 3274 inperator,
357 3211 392 3260 et
409 3207 439 3260 in
454 3206 633 3276 preiuditium
649 3207 756 3276 ipsiusk
769 3209 881 3262 tribus
899 3208 1076 3262 scismaticisl
1096 3212 1246 3265 successive
1265 3211 1312 3264 ad-

187 3275 287 3330 herens
314 3277 525 3346 inperator
546 3295 643 3348 regem
661 3277 839 3348 Francorum,
867 3278 903 3332 ad
930 3296 1012 3347 quem
1039 3297 1113 3349 papa
1141 3281 1311 3352 confugerat,

188 3351 355 3416 congregata
367 3365 467 3418 magna
479 3348 664 3417 multitudine,
683 3349 814 3418 precipue
827 3349 944 3404 ducrum
958 3352 1046 3420 *regn
1055 3369 1071 3404 o
1081 3370 1123 3406 ru
1132 3371 1168 3421 m,
1181 3353 1311 3409 videlicet
1320 3360 1351 3409 Ἰ·
1362 3362 1409 3403 1⁶4·

186 3415 302 3472 Boemie
320 3421 348 3472 et
365 3417 456 3487 Datie,
481 3419 566 3472 fultus
585 3419 694 3486 auxilio,
722 3419 863 3473 nitebatur
880 3421 908 3474 in
927 3421 1115 3491 Burgundiam
1134 3425 1246 3478 veniens
1264 3443 1310 3478 ex·

138 3487 311 3557 occupare.
349 3488 398 3543 Set
427 3507 493 3560 rege
520 3491 676 3559 Anglorum
702 3490 763 3560 regi
789 3490 1025 3545 Francorumm
1043 3493 1149 3548 ferente
1177 3496 1310 3548 auxilium

186 3558 226 3612 nil
243 3559 390 3627 profecit².
519 3560 661 3615 Eodem
682 3579 753 3614 anno
772 3566 847 3616 tures
867 3560 1092 3617 Placentinorum
1111 3569 1139 3618 et
1157 3566 1309 3630 munimina
1320 3574 1364 3613 ssa.

187 3628 330 3686 destruxit.
434 3630 542 3686 Eodem
561 3649 641 3699 anno,
661 3631 889 3687 indictione
902 3633 1003 3702 Vlla,
1023 3635 1163 3703 inperator
1181 3634 1309 3689 Oremam

186 3717 294 3772 obsedit
321 3736 394 3772 una
421 3737 484 3774 cum
512 3719 742 3774 Cremonensibus
773 3725 802 3774 et
831 3713 989 3793 sequenti
1020 3732 1120 3788 ann0,
1145 3711 1307 3776 videlicet
1320 3714 1399 3770 1161·

186 3815 277 3858 anno
301 3794 444 3858 Domini
467 3795 622 3874 M⁰OLX,
642 3807 698 3863 Vl⁰
721 3808 797 3866 Kall.
823 3809 904 3866 Febr.
925 3801 1026 3883 cepit,
1050 3799 1208 3862 fonditus
1232 3812 1307 3866 dissi·

138 3993 167 4032 45
293 3985 315 4035 a)
329 3985 360 4022 ss'c
374 3996 392 4024 c.
408 3985 429 4028 Is.
444 3985 459 4026 l.
472 3989 491 4023 st
505 3985 566 4032 iufra
581 3985 641 4026 aaa
697 3987 720 4038 b)
734 3989 796 4026 ulum
810 4000 827 4028 c.
884 3988 904 4040 c)
915 3999 989 4036 penna
1002 3993 1092 4032 mutata.
1153 3989 1176 4041 d)
1190 3993 1220 4030 sic
1235 4003 1253 4034 c.
1264 4004 1309 4040 pro

184 4033 316 4076 succiditur.
386 4039 407 4087 e)
428 4047 471 4087 seq.
491 4039 562 4077 altero
581 4039 642 4079 delet.
711 4041 728 4090 1)
750 4042 782 4079 stc
797 4052 832 4087 c.,·
848 4041 984 4080 dedecorose
998 4043 1079 4091 Gotitr.
1149 4044 1171 4095 g)
1192 4045 1307 4086 M⁰LV11L

184 4099 241 4131 corr.
256 4087 392 4130 mecvm.
409 4102 426 4130 c.
482 4091 505 4141 h)
520 4089 632 4130 mediolan
646 4103 663 4133 r.
719 4093 736 4143 i)
750 4104 793 4142 seq.
808 4104 836 4132 ou
850 4095 912 4133 dala.
958 4094 982 4146 k)
996 4105 1038 4145 seq.
1054 4101 1123 4144 quate
1129 4097 1156 4148 (1)
1171 4100 1309 4146 1161111111,-

184 4147 281 4190 quatuor
295 4143 394 4185 scismat.
408 4144 499 4184 Mania.
554 4145 570 4196 l)
588 4155 631 4194 seq.
647 4156 662 4184 a
675 4147 736 4188 delet.
792 4146 823 4197 m)
841 4147 862 4185 tr
876 4147 920 4186 alto
935 4150 1013 4191 atram.
1026 4151 1050 4188 ta
1064 4151 1112 4190 loco
1126 4161 1186 4191 raso.

293 4299 319 4370 1)
347 4302 389 4365 of.
410 4303 468 4356 Otto
494 4302 616 4370 Morcus,
641 4305 689 4359 SS.
709 4303 823 4371 XVIII,
847 4323 874 4374 p.
895 4308 948 4362 604
960 4325 1014 4376 sq.;
1042 4310 1122 4362 Geato
1143 4309 1304 4365 Fodericil.

137 4381 166 4420 oo
183 4372 247 4438 imp.
267 4373 298 4422 io
315 4372 415 4439 Lomu,
441 4374 490 4426 SS.
509 4373 542 4429 R.
564 4374 596 4428 G.
613 4392 641 4442 p.
655 4377 705 4441 36;
731 4375 830 4430 Cicron.
849 4377 986 4447 Ursperq,
1005 4380 1054 4436 SS.
1072 4381 1183 4447 XXIII,
1201 4397 1228 4448 p.
1242 4383 1305 4436 347.

184 4441 212 4508 2)
229 4441 332 4494 Eodem
350 4445 406 4494 iam
423 4459 510 4510 supra
524 4446 610 4510 1128.

238 4546 332 4588 (ironica
345 4548 434 4589 Albertl
447 4550 475 4589 de
489 4550 592 4590 Bezanis.
986 4571 989 4578 <
1055 4542 1073 4593 3
