3202 5030
310 475 363 531 114
559 463 727 526 cabulon
745 469 917 526 nnanss'rl
934 469 984 526 Dll
1003 467 1177 526 annnls.

311 655 425 736 Quare
449 653 574 732 elerici,
599 653 725 739 prelati
738 649 779 718 'et
797 651 872 716 allii
894 651 1078 736 relligiossi
1099 649 1247 716 subiecti
1265 652 1351 716 dicti
1375 653 1433 716 do-

312 745 417 808 mini⁸
439 743 648 809 Bernaboris
671 743 765 826 capti
780 745 817 808 et
834 741 1040 808 incarcerati
1054 741 1208 818 fuerunt,
1232 741 1431 824 inponendo

310 833 377 898 sibi
400 833 524 897 talleas
547 835 583 898 et
605 831 830 916 inpositiones
854 831 1072 914 gravissimas
1095 833 1131 894 et
1154 829 1428 905 intollerabilles,

311 923 469 1007 ponendo
492 941 549 986 eos
572 921 609 985 in
633 921 710 1005 oipo
734 923 770 986 et
793 919 1015 1004 conpedibus,
1047 918 1236 1002 affligendo
1260 938 1317 982 eos
1340 939 1430 1003 pane

311 1015 346 1076 et
369 1031 468 1094 aqua,
493 1011 541 1074 sic
565 1009 657 1094 qnod
681 1029 743 1093 pro
767 1008 939 1073 solutione
963 1009 1056 1072 dicte
1077 1007 1170 1071 talee
1193 1027 1252 1072 eos
1274 1009 1431 1092 oportuit
1452 1031 1466 1071 ι

258 1119 429 1217 ⁷0eorum
459 1097 615 1163 mobillia
645 1101 681 1163 et
709 1097 904 1162 inmobillia
933 1097 1071 1182 pignori
1100 1096 1264 1180 obligare,
1297 1099 1334 1160 et
1363 1097 1430 1162 hoc

219 1164 300 1274 1,,
239 1163 380 1252 3⁷⁰init
410 1189 531 1254 eodem
562 1187 743 1251 millesimo
774 1187 830 1251 die
853 1185 1033 1250 XXIHP‘
1057 1185 1132 1249 Ian.
1180 1185 1226 1248 nt
1254 1185 1353 1268 quasi
1382 1187 1430 1250 in-

222 1288 299 1344 1369.
311 1277 503 1344 continenti
526 1275 599 1340 dict
584 1279 640 1340 tus
664 1275 845 1340 dominus·
865 1275 1041 1340 Bernabos
1058 1295 1136 1338 cum
1156 1274 1305 1338 maxima
1326 1295 1431 1358 quan·

310 1367 413 1430 titate
432 1365 586 1450 equitnm
603 1368 639 1430 et
655 1357 831 1449 pedituml
848 1364 1018 1448 equitavit
1033 1364 1077 1427 ad
1094 1366 1244 1428 castrum
1262 1409 1373 1428 .....
1381 1369 1408 1401 ⁰·
1419 1364 1431 1403 ¹

311 1455 456 1520 diocesis
479 1453 648 1518 Lunensis
671 1452 818 1518 volendo
848 1453 981 1538 aripere
1004 1452 1181 1518 ciuitatem
1205 1451 1335 1530 Luche,
1363 1473 1430 1536 que
1450 1477 1477 1514 ιο

311 1544 450 1608 eratin
474 1542 632 1607 custodia
654 1541 806 1606 domini⁸
830 1541 1037 1606 cardinalis²
1057 1541 1157 1604 tituli
1180 1587 1321 1603 .....
1329 1545 1430 1626 ⁰pro

311 1632 450 1696 domino
479 1631 690 1716 inperatore,
728 1635 781 1695 set
809 1629 919 1695 nichil
948 1630 1028 1694 inde
1058 1630 1199 1694 honoris
1228 1632 1430 1714 reportarit.

312 1721 373 1786 Set
395 1722 432 1784 in
454 1721 548 1785 dicto
568 1724 681 1784 castro
696 1741 758 1804 per
773 1719 907 1803 aliquos
923 1719 996 1783 dies
1015 1719 1214 1804 permansit,
1237 1720 1274 1782 in
1289 1722 1429 1784 tanturn

311 1811 403 1894 quod
420 1809 544 1874 habuit
563 1809 754 1873 dominium
770 1809 875 1874 castri
893 1808 1012 1872 Sancti
1026 1807 1197 1871 Yminiati
1213 1829 1252 1872 ac
1269 1808 1429 1873 alliorum

310 1921 413 1982 quam
437 1898 590 1982 plurium
613 1901 804 1962 castrorum
827 1896 1044 1962 subditorum
1065 1898 1219 1961 comunis
1235 1897 1428 1974 Florentie;
1450 1919 1474 1958 ιι

311 1992 348 2053 et
381 1988 431 2052 ibi
466 1986 625 2052 conflictu
659 1987 803 2051 inerunt
835 1989 956 2070 gentes
992 1985 1147 2050 comunis
1183 1985 1358 2050 Florentio
1392 1987 1430 2049 in

311 2077 459 2140 maxima
482 2076 679 2159 quantitate
696 2075 851 2158 equitum
875 2077 911 2140 et
933 2073 1106 2158 peditum;
1131 2075 1222 2158 quod
1239 2075 1429 2138 dominium

312 2166 484 2230 dictorum
507 2168 698 2229 castrorum
722 2164 860 2227 duravit
884 2163 981 2246 quasi
1011 2183 1073 2247 per
1095 2183 1154 2228 sex
1177 2183 1320 2241 menses,
1349 2165 1430 2247 quia

313 2253 506 2317 Florentini
530 2273 570 2317 ea
593 2254 627 2315 vi
650 2255 951 2336 recuperaverunt.

419 2340 511 2406 Item
540 2341 660 2405 eodem
690 2361 780 2405 anno
809 2341 968 2405 dominus
990 2341 1167 2425 inperator
1190 2340 1430 2406 Constantino·
1448 2363 1475 2401 ιο

312 2429 488 2515 politanus
510 2429 649 2494 nomine
674 2431 742 2494 don
758 2429 905 2494 Petrns⁸
919 2429 1064 2494 Romam
1080 2430 1176 2494 venit
1195 2431 1237 2494 ad
1258 2451 1430 2494 summum

312 2520 510 2604 pontificem
542 2539 619 2584 cum
651 2519 798 2583 maxima
828 2519 1025 2602 quantitate
1048 2518 1217 2582 nobilium
1242 2518 1431 2584 Grecorum

313 2608 471 2693 penitens
495 2609 538 2673 de
562 2608 734 2673 erroribus
757 2608 837 2685 suis,
863 2628 948 2691 quos
972 2608 1032 2670 diu
1055 2608 1254 2672 habuerunt
1277 2603 1428 2672 Grrecos‘l

312 2698 404 2764 circa
427 2697 592 2762 articulos
615 2697 706 2775 fidei,
731 2700 767 2762 et
790 2699 933 2782 accepta
955 2697 1186 2762 instructione
1210 2700 1247 2762 et
1269 2697 1430 2762 informa·

311 2787 406 2851 tione
424 2787 595 2851 dictorum
611 2749 837 2850 artielrlorum
853 2785 1069 2870 baptizatus⁰
1091 2789 1143 2850 est
1166 2807 1260 2851 more
1276 2786 1430 2851 Romane
1449 2811 1474 2850 ιι

311 2876 465 2940 ecclesie.
513 2875 654 2939 Errores
689 2896 779 2951 vero,
813 2875 849 2938 in
885 2875 1009 2957 quibus
1044 2874 1216 2950 errabant,
1252 2878 1334 2938 sunt
1369 2875 1428 2952 hii,

310 2963 489 3029 videlicet:

417 3052 534 3117 Primo
558 3051 720 3116 dicebant
744 3055 780 3116 et
802 3052 978 3126 tenebant,
1010 3053 1101 3136 quod
1126 3053 1268 3136 spiritus
1291 3056 1430 3117 sanctus

310 3144 450 3205 tantum
474 3162 494 3204 a
517 3144 615 3225 patre
638 3141 796 3224 procedit
820 3143 855 3205 et
877 3162 947 3205 non
971 3162 992 3204 a
1015 3140 1111 3205 fillio.

419 3229 597 3294 Secundus
628 3232 690 3307 est,
721 3231 813 3313 quod
836 3250 905 3294 non
930 3230 1046 3314 potuit
1069 3251 1179 3313 neque
1204 3230 1325 3294 debuit
1347 3230 1429 3314 poni
1448 3255 1474 3294 ιο

311 3318 348 3381 in
371 3317 517 3382 simbolo
539 3323 675 3399 [illioque.

417 3406 556 3471 Tercius
580 3412 649 3472 est:
682 3408 813 3485 dicunt,
843 3407 935 3491 quod
958 3406 1012 3470 illi
1036 3409 1095 3490 qui
1118 3411 1354 3492 apposuerunt
1378 3427 1429 3472 ex-

311 3496 521 3562 comunicati
552 3500 642 3574 sunt,
674 3497 756 3580 quia
778 3501 899 3560 contra
928 3500 1130 3580 preceptum
1152 3491 1281 3562 Niceef
1308 3497 1429 3580 synodi

312 3587 376 3650 hoc
400 3585 569 3650 fecerunt.

418 3673 570 3755 Quartus
595 3677 657 3753 est,
689 3675 771 3758 quia
794 3645 915 3740 dicunt
938 3695 974 3740 se
998 3695 1068 3738 non
1091 3679 1230 3739 vocatos
1253 3675 1361 3739 fuisse
1384 3675 1429 3738 ad
1448 3697 1474 3737 ιι

311 3764 444 3829 dictum
474 3763 667 3842 concilium,
698 3763 777 3828 ideo
808 3764 988 3828 dominus³
1018 3783 1108 3848 papa
1137 3763 1226 3828 illud
1259 3783 1429 3847 apponere

312 3873 382 3916 non
404 3854 530 3936 potuit.

417 3990 439 4041 a)
461 3987 505 4030 .d.
519 4001 537 4031 c.
592 3992 615 4040 b)
630 3991 746 4040 posthaec
759 3992 855 4039 cpolim
868 4000 957 4029 comum
970 3992 1034 4029 unicas
1048 3990 1145 4032 cambac.
1200 3993 1221 4038 c)
1238 3991 1334 4038 spatium
1348 3990 1431 4029 nomint

310 4043 423 4082 immundo
436 4047 506 4083 vacua
561 4041 584 4096 d)
598 4045 630 4084 rto
642 4056 675 4092 ο.,·
696 4045 741 4093 lm
754 4043 830 4086 Greci.
885 4043 907 4093 e)
925 4043 1030 4093 batpatus
1044 4055 1062 4083 c.
1116 4045 1179 4094 oric
1192 4055 1210 4084 c.
1221 4055 1265 4093 pro
1279 4045 1371 4084 Nicone.

420 4167 446 4234 1)
474 4166 631 4219 Serranam
650 4168 829 4235 supplendum
845 4182 899 4220 cese
917 4167 1029 4234 videtur,
1048 4171 1166 4221 werede
1185 4169 1351 4221 nemaeum
1367 4169 1431 4219 duce
1448 4185 1475 4224 ιο

310 4238 431 4292 Iohanne
448 4238 604 4290 Hucluoood
621 4241 677 4290 ium
695 4242 726 4290 ia
744 4240 882 4292 territorio
897 4237 1056 4292 nomino
1074 4244 1245 4306 oppupnante
1261 4239 1431 4292 Flormtiaos

310 4318 430 4364 caurum
448 4310 476 4365 S.
496 4309 610 4362 Misisti
627 4310 778 4366 normata.
838 4310 867 4378 2)
895 4309 1029 4361 (luidonis
1046 4311 1078 4362 de
1096 4311 1213 4363 Bomio
1230 4313 1345 4379 epncopi
1362 4309 1430 4362 Por-

311 4383 411 4434 tumis
418 4397 431 4444 ,·
455 4382 490 4446 cf.
509 4398 595 4449 supra
610 4400 639 4450 p.
655 4385 713 4437 110.
804 4382 832 4448 3)
860 4381 955 4433 Potius
976 4379 1110 4434 Iohannes
1132 4382 1162 4437 V.
1180 4381 1348 4448 Paucaque.
1388 4381 1429 4446 Cf.

311 4452 456 4519 narnate,
475 4453 548 4509 Αιιιι.
566 4455 623 4510 cccl.
635 4452 717 4518 XVI,
735 4469 761 4508 o.
776 4454 853 4508 1369.
872 4451 983 4521 §1-5.
