3232 5028
682 449 923 530 insusurra.
1302 469 1358 524 xv

233 653 420 736 quotidiano
449 661 542 736 669666
571 657 628 722 boc
657 655 849 722 incommode
872 661 901 720 et
922 653 1035 720 inscite
1056 675 1134 718 usus
1159 653 1210 718 sit.
1256 653 1358 718 Locos

233 742 430 808 diuersorum
455 750 619 808 auctorum
648 766 741 826 saepe
769 743 942 809 rudissimo
968 744 1059 807 modo
1082 763 1120 807 ac
1142 741 1358 824 imprudenter

233 831 430 913 coniannitl,
455 853 550 896 sensa
564 835 730 898 verborum
746 831 973 914 descriptorum
994 852 1060 897 non
1081 851 1159 896 raro
1174 850 1325 912 96666666
1335 833 1355 910 ²,

232 921 332 985 multa
364 921 562 1003 neplepenter
598 921 778 987 describens
814 919 1015 1002 depravavit,
1047 918 1217 1002 permultis
1253 918 1357 984 666566

199 1007 359 1073 sonans
381 1009 555 1075 sententias
577 1009 749 1092 6666669663.
795 1009 843 1074 At
864 1011 939 1074 bene
961 1015 1037 1074 nota
1052 1009 1217 1072 Albertnm
1239 1007 1356 1072 librum

231 1117 324 1161 snum
346 1118 412 1162 non
428 1098 607 1180 perfeetum
628 1098 802 1180 reliquisse,
826 1119 885 1163 nos
904 1095 1095 1162 aduersaria
1117 1095 1186 1160 eius
1207 1116 1273 1160 non
1295 1097 1355 1160 ela·

232 1186 344 1251 borota
366 1186 490 1268 babere,
521 1186 578 1268 qui
604 1208 682 1252 sane
704 1187 783 1251 mult
770 1193 805 1252 ta
827 1187 1022 1251 emendasset
1009 1191 1137 1266 totque
1159 1183 1354 1266 correxisset,

230 1273 261 1338 si
283 1273 400 1340 librum
427 1277 582 1341 edendum
611 1281 854 1341 consummasset
883 1281 913 1340 66
940 1273 1042 1340 nitide
1064 1272 1356 1340 transscribendum

231 1362 414 1444 curavisset,
445 1363 634 1429 ellibenter
663 1365 810 1430 concedes
838 1385 909 1429 enm
938 1362 1106 1445 dilipenter
1127 1361 1357 1443 studuissent

187 1472 347 1516 ronanam
370 1369 539 1517 historiam
560 1451 774 1518 universalem
797 1458 977 1535 6669666666
997 1458 1027 1516 66
1048 1451 1264 1517 conscriberet

344 1541 431 1622 Quae
453 1541 604 1606 Albertus
633 1542 673 1606 ab
703 1563 734 1606 a.
761 1547 856 1606 1277.
880 1543 926 1606 ad
947 1561 978 1604 a.
1004 1545 1096 1604 1370.
1123 1537 1356 1621 simplicissime

232 1628 383 1694 narrauit
400 1649 465 1694 non
483 1629 609 1712 quidem
623 1629 760 1694 manimi
775 1629 976 1696 aestimanda
990 1635 1073 1710 sunt,
1098 1628 1128 1693 si
1142 1628 1219 1693 baec
1234 1649 1355 1710 compa-

232 1717 359 1782 raveris
381 1739 452 1783 cum
474 1717 684 1783 relationibus
703 1718 968 1801 pravissimorum
986 1723 1151 1782 auctorum
1173 1716 1262 1781 illius
1285 1723 1354 1782 tem-

229 1805 328 1887 poris,
353 1809 409 1871 sed
429 1807 529 1872 multa
551 1807 644 1872 babet
666 1809 704 1873 de
726 1807 818 1872 rebus
839 1805 1100 1890 Oremonensibus
1123 1811 1153 1870 et
1173 1803 1355 1870 Briniensi·

188 1915 213 1954 66
232 1895 289 1958 bus
311 1893 391 1959 alibi
414 1901 471 1960 aut
493 1916 559 1960 non
581 1901 638 1960 ant
652 1894 760 1960 minus
775 1901 889 1977 enaete,
912 1894 1020 1960 minus
1028 1895 1129 1976 plane
1143 1894 1255 1973 relata,
1275 1914 1356 1974 96666

232 1989 320 2048 tanto
337 1983 447 2065 pluris
468 1983 622 2063 sananda
644 1991 728 2066 sunt,
753 2006 822 2050 eum
845 1984 969 2049 nullum
983 1984 1154 2048 habeamus
1172 1981 1355 2064 scriptorem

236 2069 475 2137 Cremonensem
486 2093 593 2138 rerum
607 2072 663 2138 illo
679 2079 813 2155 tempore
825 2079 995 2156 9666666666,
1011 2070 1217 2136 Briniensem
1231 2076 1354 2135 tantum

232 2160 383 2225 Iacobum
398 2160 602 2242 Maloccimn,
626 2161 809 2243 scriptorem
824 2161 944 2227 saeculi
968 2161 1048 2226 XV.
1071 2159 1179 2224 minus
1200 2161 1264 2239 nae
1287 2159 1353 2242 dip-

231 2249 340 2312 num4.
389 2249 514 2314 Rasin
536 2249 737 2315 Lmnbordia
756 2257 862 2332 966666
883 2249 1053 2315 memoriae
1076 2247 1219 2330 tradidit,
1250 2249 1288 2313 de
1309 2247 1354 2313 iis

186 2359 213 2396 so
231 2357 312 2418 quae
333 2337 371 2402 in
393 2337 470 2403 aliis
486 2337 668 2420 prouinciis
683 2339 803 2404 ltaliae
823 2339 1000 2404 mnderint
1015 2336 1216 2420 paucissima
1233 2343 1264 2401 66
1276 2335 1354 2402 baec

230 2425 316 2504 falso
331 2432 388 2490 aut
402 2427 532 2505 confuse
546 2427 659 2504 relata,
684 2429 829 2493 derebus
850 2427 890 2492 in
904 2427 982 2512 aliis
996 2425 1100 2507 terris,
1116 2425 1154 2491 in
1173 2425 1353 2492 Germania

230 2513 368 2579 manium
391 2515 489 2597 966666
511 2514 595 2580 nibil
617 2516 686 2595 fere
708 2521 896 2598 compertum
918 2515 1038 2596 babuit,
1062 2513 1202 2594 nescivit,
1226 2515 1354 2596 quaudo

230 2623 318 2685 66966
335 2603 453 2684 6166665,
477 2605 605 2686 quando
625 2603 743 2668 mortui
759 2603 853 2685 unu,
878 2625 935 2670 nec
949 2603 1122 2685 quidpuam
1140 2624 1256 2681 eorum,
1273 2623 1353 2685 quae

230 2691 268 2755 in
287 2691 467 2756 Germania
485 2691 650 2775 posserint,
675 2691 831 2775 capnitum
846 2691 966 2776 babuit,
983 2694 1067 2773 qnod
1080 2713 1158 2757 66666
1172 2691 1351 2772 miraberis,

187 2945 213 2985 aa
231 2943 339 2988 66666666
358 2953 386 2990 66
400 2953 501 3004 pros:
527 2935 687 2989 conscilium
709 2934 936 3005 (3666611666),
958 2933 1137 3002 dissiderem,
1156 2933 1352 3002 consciderara,

231 3007 368 3074 bassilica,
394 3007 561 3077 basoflissus,
587 3007 736 3061 Damascus
761 3007 807 3076 (=
826 3006 980 3073 Damasus),
1006 3009 1100 3058 scanct
1100 3004 1127 3058 io
1156 3007 1200 3073 (=
1220 3004 1351 3074 sanctio),

231 3093 312 3145 spro
331 3096 364 3130 x:
382 3077 515 3148 insta(=
535 3078 633 3160 iuxta),
652 3095 721 3146 crus,
740 3077 800 3130 dest
788 3077 880 3143 travit,
899 3075 1078 3160 adastrand03
1102 3079 1155 3130 cire
1171 3093 1249 3130 66666
1266 3095 1285 3129 x
1298 3092 1353 3144 966

232 3165 259 3200 6·
284 3149 376 3216 milex,
400 3149 481 3216 aliax,
506 3149 628 3216 66666666,
654 3149 832 3216 Anastaxius,
858 3147 977 3213 axasini3
1002 3149 1072 3200 unde
1090 3165 1144 3214 pro
1163 3147 1256 3201 Brixia
1272 3151 1354 3201 ctiam

231 3221 357 3288 scripsit:
375 3219 486 3286 Β616616,
504 3219 620 3288 Briscia,
638 3189 883 3273 Brisiaetecndem
894 3225 995 3286 96666666
1006 3219 1177 3272 Brim'ensem
1193 3218 1354 3286 Brusssdos,

188 3300 215 3339 66
231 3289 378 3357 Brusados,
396 3259 536 3360 Brasitos,
554 3290 661 3344 Bruxat
649 3294 700 3359 666
719 3290 862 3344 Bruxados
880 3293 1020 3354 nominat,·
1044 3289 1062 3342 h
1085 3292 1191 3343 omisit:
1217 3294 1353 3356 exaustas,

231 3330 398 3428 6696666116,
416 3361 591 3429 orribilis,
555 3365 591 3414 ist
592 3361 664 3427 oria3
683 3368 806 3415 econtra:
824 3361 948 3431 hodium,
959 3328 1147 3429 rahbdifioare,
1163 3360 1353 3426 adholescens;

233 3447 319 3500 opro
336 3435 499 3501 ascripsit:
522 3401 630 3500 fbndus,
654 3402 777 3500 16661666,
802 3432 932 3502 fonditus,
958 3431 1084 3499 mondus,
1110 3432 1209 3499 6666661,
1234 3431 1353 3498 nontius,

232 3503 422 3571 9666666666,
446 3503 621 3571 renuntiatio,
639 3520 793 3571 nonquam,
817 3521 835 3556 6
858 3520 911 3572 966
934 3520 966 3556 o:
992 3503 1353 3570 666666666666666111666,
1398 3502 1401 3507 ’

233 3572 419 3642 diseunficare,
438 3573 572 3627 numdum
592 3577 635 3642 (=
649 3574 794 3641 nondum).
830 3575 924 3628 Etiam
942 3574 1073 3642 dapnum,
1091 3578 1222 3642 tyrapnus
1239 3575 1278 3625 cel
1289 3575 1354 3624 aliis

189 3653 215 3694 at
234 3645 297 3698 loris
316 3647 476 3712 tyrampnus
497 3652 520 3698 66
538 3645 640 3714 longua
660 3661 716 3713 pro
734 3645 816 3714 longe
834 3649 949 3714 66669666.
985 3647 1023 3698 Et
1039 3646 1136 3698 borum
1149 3645 1278 3713 pleraque
1298 3659 1354 3696 non

234 3717 356 3768 omnibuis
379 3717 443 3768 66666
468 3733 556 3784 acque,
580 3719 626 3769 sed
646 3732 702 3784 pro
726 3720 824 3782 smmis
847 3717 1004 3784 subparibus
1034 3717 1138 3768 Italicis
1165 3730 1243 3782 saepe
1271 3717 1352 3767 6616666

234 3789 362 3854 antiquas
378 3787 495 3839 Latinas
510 3790 630 3856 scripsit.

342 3945 639 4014 1)06.9.,.-18626
644 3949 693 4001 28·
687 3949 882 4014 ;.,.;921664
897 3947 1068 4013 9.,.;23661
1086 3947 1250 4014 9.,.;25662
1266 3948 1350 4012 9.,38

235 4016 345 4070 626-
350 4019 400 4082 28,
418 4019 777 4085 9.,..ς4764243948
800 4019 905 4072 614-
912 4019 960 4083 21,
980 4017 1071 4083 951,
1091 4019 1350 4084 66.;.,..3959662

190 4085 362 4158 santorp
364 4035 554 4158 ,612Μ661
557 4090 791 4158 .39,.,;96612
794 4089 1193 4157 48,.;9610,,.;954665
1196 4089 1349 4151 .6,..0l10

235 4160 277 4212 11.
296 4109 362 4212 666Ρ
431 4158 459 4227 3)
484 4111 654 4226 bieplnpenler
670 4161 750 4212 etiam
768 4181 797 4228 p.
769 4111 886 4223 P48⁷l
885 4161 980 4213 .-25
984 4161 1027 4212 27.
1046 4175 1080 4210 ar
1104 4157 1220 4210 06666666
1243 4158 1354 4208 Sicordi

234 4229 479 4295 dempsitque
503 4230 546 4282 hic
570 4231 601 4282 de
619 4230 698 4282 rebus
716 4230 823 4281 Siciliae
840 4235 864 4280 66
884 4229 1046 4282 Germaniae
1062 4231 1108 4281 sni
1124 4229 1250 4295 temporis
1270 4229 1349 4292 aisn,

235 4315 303 4365 puae
314 4315 364 4352 suo
376 4304 491 4366 tempore
502 4300 628 4353 Annius
639 4303 747 4352 minime
758 4301 872 4352 66666666
879 4303 974 4366 potuit.
1038 4301 1066 4366 4)
1078 4299 1120 4364 Cf.
1133 4314 1221 4365 supro
1230 4314 1257 4364 p.
1271 4266 1349 4352 XIV

236 4368 326 4438 5.)0]’
341 4392 371 4439 9
385 4372 428 4433 93,
453 4374 520 4424 nl.
543 4377 609 4440 etp
611 4374 692 4437 .105,
718 4373 783 4425 n..l
822 4372 855 4424 A.
877 4373 954 4426 1314.
973 4371 1039 4422 duos
1062 4372 1184 4436 repesin
1204 4369 1351 4419 (immania

191 4448 218 4488 st
236 4439 325 4492 6666666
343 4455 396 4492 asso
413 4441 556 4506 6966666666.
647 4444 674 4509 6)
697 4441 739 4504 af.
753 4464 783 4511 p
798 4443 841 4507 97,
858 4457 886 4493 66.
898 4443 924 4496 4.
