3232 5028
282 469 319 523 48
476 502 480 508 ·
533 464 702 522 ceorles
719 463 890 521 ALBER'PI
907 464 958 520 Dll
976 463 1150 522 BEZANIS.

140 627 206 667 '⁶⁶'
218 629 509 724 ‘'g’ssjdescendens
526 642 792 697 Pandelborne¹
808 647 932 697 mortuus
945 646 974 697 et
985 644 1107 712 sepultus
1120 647 1169 712 est,
1187 641 1406 710 dequamorte

284 732 368 786 abbas
395 731 527 801 Ioaehm,
563 724 686 804 quem*
713 739 817 804 supra
850 721 887 783 in
922 719 1076 804 capitulo
1111 739 1199 804 pape
1227 719 1404 783 Inooenoii

137 831 181 873 rac.
190 833 216 872 aa
224 833 276 879 var,
284 809 385 874 tercii
408 809 556 892 scriptus
580 809 663 884 est²,
689 819 872 890 prophetavit.
910 819 952 873 Eo
978 824 1102 889 tempore
1127 823 1204 874 tante
1228 819 1322 888 pluvie
1340 835 1403 872 cum

175 904 206 950 ’ῃ
217 905 272 945 raa.
283 891 410 946 tonitruis
438 895 467 946 ct
495 891 655 946 fulminibus
683 895 711 944 et
736 891 945 960 tempestatibus
972 890 1045 945 iacta
1072 895 1144 959 sunt,
1174 895 1289 959 quantes
1316 890 1404 943 ’nulle

283 962 408 1018 meminit
436 965 501 1018 etas.
546 961 667 1032 Lapides
697 963 771 1016 enim
801 962 836 1015 ad
866 962 1049 1030 quantitatem
1076 978 1191 1016 ovorum
1222 960 1438 1030 quadrangulis

283 1033 363 1087 mixti
375 1051 438 1088 cum
449 1034 544 1102 pluvia
556 1033 592 1088 de
603 1034 663 1087 celo
677 1032 804 1087 cadentes
817 1033 936 1103 arbores,
949 1033 1041 1086 vineas
1054 1036 1082 1086 et
1095 1036 1201 1102 segetes
1210 1031 1404 1086 destruxerunt

284 1108 312 1158 et
328 1105 431 1158 multos
455 1103 580 1158 homines
605 1103 773 1159 occiderunt.
809 1103 891 1157 Corvi
918 1121 1027 1172 quoque
1055 1108 1083 1156 et
1110 1120 1193 1172 quam
1219 1103 1312 1172 plures
1340 1118 1403 1156 aves

282 1192 334 1245 per
360 1192 424 1229 aera
450 1175 480 1228 in
506 1175 558 1229 hac
584 1173 768 1244 tempestateb
793 1174 917 1229 volantes
943 1175 996 1228 visi
1023 1178 1086 1228 sunt
1113 1175 1245 1229 carbones
1271 1172 1404 1232 vivos.in

283 1249 373 1300 rostro
401 1249 513 1314 portare
544 1249 572 1299 ot
602 1245 698 1299 domos
728 1245 882 1300 incendere.
929 1245 1051 1300 Contra0
1078 1245 1221 1300 ecclesiam
1248 1243 1403 1299 Romanam

284 1315 399 1386 super<l
414 1316 618 1385 tyrampnidem
630 1325 752 1385 quarne
769 1317 892 1371 exercuit
908 1316 1045 1370 Henricus
1062 1317 1257 1386 inperator
1275 1319 1404 1370 eontra
1423 1327 1453 1366 ro

284 1387 461 1442 eeclesiam
481 1386 675 1455 Romanam,
701 1391 729 1442 et
747 1387 810 1442 ideo
829 1404 862 1441 eo
880 1394 989 1442 mortuo
1008 1387 1166 1444 inocentiae
1184 1403 1277 1456 papa
1294 1387 1403 1453 tercium,

283 1475 319 1512 ne
337 1457 422 1512 freter
440 1458 498 1512 eius
516 1457 642 1528 Philipus
659 1461 877 1528 promoveretur,
894 1475 923 1513 se
941 1459 1069 1526 opposuit
1087 1461 1115 1512 et
1127 1457 1223 1513 Ottoni
1240 1456 1309 1511 fallio
1327 1457 1403 1511 ducis

284 1528 405 1583 Saxonis
422 1528 528 1582 adhesit
546 1533 574 1582 et
593 1546 656 1582 eum
674 1528 841 1598 Aquisgraui
860 1529 888 1582 in
906 1545 1001 1598 regem
1020 1529 1166 1583 Alamanie
1184 1528 1311 1582 coronari
1329 1527 1403 1582 fecit.

231 1612 275 1655 sse.
391 1598 475 1653 Anno
487 1599 600 1654 Domini
611 1598 901 1654 M⁰OLXXXXVIIL
914 1599 989 1654 facta
1001 1600 1082 1653 estin
1094 1616 1180 1669 regno
1192 1599 1227 1654 de
1239 1598 1404 1668 inperatoris

285 1671 418 1725 electione
436 1669 542 1726 seditio.
572 1670 645 1725 Nam
663 1671 804 1740 inperator
815 1669 953 1724 Henrieus
971 1671 1107 1739 pupillum
1125 1669 1269 1724 nomine
1288 1712 1377 1726 .....
1386 1668 1400 1709 f
1424 1681 1452 1720 rs

284 1741 319 1794 de
331 1744 446 1810 augusta
457 1741 621 1810 relinquens,
640 1741 700 1810 qui
718 1759 734 1794 a
748 1741 920 1810 principibus
932 1742 1095 1796 electionem
1107 1741 1264 1795 obtinuerat
1286 1741 1404 1794 etiamve

283 1811 389 1882 pupillo
415 1810 537 1866 fecerant
562 1811 734 1869 fidelitatem.
771 1812 917 1867 Seditio
944 1817 1064 1866 tamen
1092 1815 1146 1866 est
1173 1813 1245 1866 inter
1262 1780 1403 1880 l’hilipum

283 1899 383 1954 fillium
412 1899 553 1956 Proderici
587 1890 733 1954 condem
767 1889 973 1973 inperatoris
1009 1892 1044 1954 et
1079 1887 1243 1954 Ottonem
1278 1887 1403 1951 fillium

233 1977 430 2045 seflenriei
453 1978 550 2042 ducis
574 1977 743 2044 Saxonie⁸
766 1989 801 2044 ad
830 1989 968 2058 inperium
998 1990 1208 2058 inspirantest.
1254 1987 1289 2042 In
1316 1988 1404 2042 Ala-

284 2061 403 2114 mania
429 2077 572 2129 quoque
598 2064 765 2128 concertant,
793 2064 822 2114 et
849 2065 963 2129 uterque
994 2078 1010 2114 a
1036 2061 1206 2130 principibus
1233 2061 1336 2114 electus
1355 2063 1403 2115 est
1422 2071 1453 2110 ao

146 2131 348 2192 nauffinna
377 2147 440 2200 pars
471 2148 608 2200 quoque
639 2131 722 2201 elegit
752 2131 884 2186 Ottonem
914 2131 1138 2200 predictum,
1169 2131 1234 2184 allia
1262 2129 1403 2198 Philipum

230 2201 498 2271 supradictum.
530 2201 593 2255 Set
609 2200 769 2256 Inocentius
786 2219 859 2270 papa
876 2203 1018 2256 tercius
1036 2202 1183 2256 defensor
1200 2201 1306 2270 pupilli
1324 2206 1404 2254 erat

285 2276 313 2326 et
339 2271 449 2325 adiutor
475 2272 555 2325 iuris
582 2273 694 2328 eeclesia
722 2272 850 2326 adversus
877 2273 1014 2340 quendam
1038 2272 1272 2339 Machoardumss,
1299 2272 1346 2340 qui
1375 2289 1404 2325 se

285 2359 392 2411 quoque
415 2343 514 2411 pupilli
540 2343 601 2396 iura
627 2343 700 2397 tueri
727 2343 874 2408 fatebatur,
901 2344 1044 2397 nescitur
1071 2361 1125 2412 quo
1153 2343 1259 2413 spiritu,
1286 2347 1403 2410 utroque

283 2413 378 2538 {¹⁸⁶sp
405 2411 538 2467 dimicans
565 2431 628 2468 eum
655 2413 759 2468 viribus
787 2413 961 2468 debillitavit.
998 2414 1047 2469 Set
1071 2419 1165 2468 temen
1183 2414 1272 2468 adhue
1290 2412 1403 2482 Apulia,
1422 2424 1451 2464 ac

308 2484 412 2539 alabria
428 2489 457 2539 et
469 2483 581 2540 Scicilia
598 2485 674 2540 vario
693 2489 758 2539 voto
776 2485 914 2541 vacillant.
945 2483 981 2538 In
993 2485 1140 2539 Alamania
1158 2502 1267 2554 quoque
1285 2483 1402 2538 varietas

286 2558 325 2609 est
344 2558 480 2624 votorum,
509 2560 550 2610 set
576 2556 792 2611 concertantium
819 2573 870 2611 nec
897 2573 967 2625 equa
990 2556 1098 2610 iusticia
1115 2573 1166 2610 nec
1185 2573 1255 2624 equa
1271 2558 1401 2624 potestas.

285 2631 435 2709 Interea,
460 2633 543 2696 dum
566 2633 630 2697 hec
654 2633 865 2698 concertatio
881 2654 902 2697 a
918 2633 1131 2716 principibus
1151 2633 1191 2696 fit
1207 2633 1249 2697 de
1266 2631 1401 2696 duobus

284 2741 392 2783 unum
428 2720 555 2815 eligere
590 2723 634 2785 ad
668 2723 704 2785 in
731 2723 854 2798 orium,
894 2722 1118 2805 infrascripta
1151 2723 1400 2845 provenerunt:

232 2804 368 2861 sra.Ann0
402 2803 514 2858 Domini
547 2804 613 2859 M⁰O
723 2804 884 2860 XVIIH01.
930 2803 1149 2858 Mediolanenses
1192 2807 1221 2857 et
1247 2801 1403 2857 Placentini
1421 2813 1450 2853 ao

284 2879 419 2929 venerunt
437 2875 471 2929 ad
490 2875 614 2944 Burgum
632 2875 725 2930 Sancti
743 2875 846 2930 Donini
865 2879 892 2928 et
910 2875 1087 2944 postmodum
1105 2875 1141 2928 ad
1159 2874 1402 2928 (lustrum-novum

285 2946 313 2998 in
340 2944 465 3000 faucibus
493 2945 575 3000 Adue
602 2946 631 2998 in
658 2963 734 2999 suam
761 2947 895 3000 iacturam
922 2947 1024 3000 reversi
1051 2950 1122 3002 sunt.
1160 2945 1209 2999 Set
1227 2944 1402 2999 Veronensas

285 3015 451 3070 Mantuanos
470 3015 698 3083 disconfecerunt,
717 3033 751 3070 ex
764 3018 802 3070 eis
820 3017 992 3070 innumeram
1007 3015 1212 3071 multitudinem
1225 3015 1401 3084 captivantes,

284 3085 367 3140 Anno
380 3085 493 3139 Domini
505 3084 607 3138 ΜοΟΟ0
618 3085 857 3142 Mediolanensesh
871 3092 900 3141 et
911 3086 1086 3142 Brixienses¹
1102 3086 1269 3142 obsederunt
1281 3089 1402 3140 castrum

285 3156 405 3224 Soncini,
422 3163 459 3210 eet
471 3163 635 3210 monuerunt
646 3160 676 3210 in
688 3157 816 3226 superbia
827 3175 883 3214 sua.
914 3158 987 3212 Nam
999 3157 1169 3227 Papiemesk
1181 3156 1402 3212 disconfecenmt
1422 3167 1453 3208 eo

285 3226 533 3282 Mediolanensium
559 3227 709 3282 exercitum
734 3227 768 3281 ad
792 3228 936 3298 Beretum,
961 3234 990 3283 et
1015 3229 1210 3284 Cremonenses
1227 3227 1402 3282 Placentinos

196 3315 274 3370 1200.
285 3314 321 3369 ad
339 3315 470 3369 Sanctum
489 3315 631 3369 Andream
650 3316 727 3369 iuxta
744 3315 889 3370 Bussetum
908 3310 944 3370 et
967 3305 1148 3389 plusquam
1165 3303 1260 3370 MOO
1285 3325 1401 3369 secum

131 3419 275 3468 canoras.
286 3393 440 3476 captivos
457 3391 661 3457 Cremonam
677 3393 880 3457 duxeruntt
972 3395 1102 3458 Eodem
1119 3414 1209 3457 anno
1226 3394 1268 3458 de
1284 3412 1401 3456 mense

393 3592 414 3643 a)
435 3592 466 3630 ete
480 3603 498 3631 c.
541 3592 563 3644 b)
584 3601 626 3641 sep.
642 3593 695 3631 uoln
708 3593 770 3633 delet.
785 3604 803 3632 a.
850 3596 869 3642 e)
890 3593 1009 3634 incendere
1024 3596 1103 3632 contra
1116 3594 1162 3632 stne
1175 3593 1222 3633 ullo
1234 3593 1369 3632 distinetione
1384 3603 1402 3632 e.

286 3645 308 3696 d)
323 3645 367 3694 leae
380 3655 476 3694 semper.
525 3644 545 3695 e)
559 3645 604 3683 dele
618 3656 692 3693 quam.
741 3645 758 3697 i)
772 3647 866 3695 apetium
879 3647 962 3684 nomint
975 3647 1086 3686 inserendo
1100 3650 1162 3684 vacat
1175 3647 1199 3684 a·
1212 3657 1230 3686 c.
1283 3645 1305 3696 g)
1319 3645 1346 3692 ef.
1363 3645 1403 3684 lee-
1422 3645 1456 3683 40

285 3699 363 3737 tionem
379 3699 457 3737 codicis
471 3699 483 3737 1
498 3698 584 3737 sicardi
593 3710 618 3747 p.
630 3699 676 3748 175,
692 3711 713 3738 n.
725 3711 745 3747 q.
797 3699 821 3750 h)
836 3697 948 3738 Medlolan
962 3710 979 3739 c.
1031 3700 1047 3747 i)
1066 3699 1160 3738 Brixieir
1175 3710 1192 3739 e.
1244 3698 1267 3749 k)
1286 3698 1368 3747 papled
1383 3709 1402 3738 c.

393 3857 419 3923 1)
440 3855 571 3910 Panormi
590 3859 705 3913 Martia.
765 3860 792 3925 2)
813 3858 844 3912 P.
856 3861 900 3912 44.
920 3863 943 3910 et
960 3860 1016 3910 tam
1035 3874 1122 3924 supra
1135 3876 1166 3926 p.
1178 3860 1222 3913 28.
1280 3858 1308 3918 8)
1329 3855 1403 3909 Haeo

288 3925 416 3993 (condam
429 3956 463 3965 -
476 3926 606 3997 Saxonie)
620 3929 746 3981 Albanus
757 3936 824 3980 recte
835 3929 968 3996 supplevit
986 3945 1018 3981 ee
1036 3933 1142 3981 cronica
1155 3944 1248 3996 parva
1265 3927 1298 3980 ab
1314 3942 1342 3979 eo
1355 3943 1402 3979 ex-

285 3999 394 4120 pfflta,
408 4014 506 4121 woqdua
514 4000 830 4122 oammfcfflffl
841 3999 1145 4122 fithipmffasimacadducsb
1156 4001 1242 4064 subse
1253 4000 1404 4122 czmzpom·
1422 4077 1455 4116 a

286 4085 447 4192 mitti
458 4085 865 4208 timiditati&
873 4109 900 4193 οἱ
910 4085 1402 4209 ottattttttttatt

285 4225 345 4265 esee.
384 4211 449 4262 Cum
474 4227 562 4264 oneres
587 4212 685 4264 codices
706 4214 795 4264 nostra·
812 4213 938 4264 Orontem
956 4212 1116 4265 sicardinac
1135 4213 1260 4264 brunam
1278 4212 1401 4276 babeant,

284 4287 386 4334 renuat
410 4282 550 4334 Alterum
576 4281 640 4334 haee
664 4284 771 4335 miramo
797 4285 827 4334 in
854 4285 938 4336 codice
965 4299 1013 4336 suo
1040 4283 1122 4336 baius
1147 4283 1275 4336 araneae
1301 4282 1400 4349 boicae

284 4353 314 4419 4)
338 4351 396 4404 Hoc
413 4354 494 4404 attam
511 4369 545 4405 err
562 4353 635 4408 Ana.
656 4353 774 4408 Orernoa.
793 4356 957 4420 exscriptum
975 4370 1029 4407 esse
1044 4361 1126 4422 potet,
1151 4354 1221 4420 quod
1240 4357 1270 4406 in
1291 4357 1399 4417 noatma,

285 4423 333 4476 SS.
352 4423 461 4488 XXXI,
475 4440 506 4488 p.
520 4425 563 4490 10,
582 4439 635 4476 non
656 4425 769 4490 lapitas·;
786 4425 940 4491 quibsaeoum
957 4428 1093 4493 salutatio
1110 4427 1275 4479 mouentum.
1421 4431 1455 4470 ω
