3232 5028
272 464 307 517 58
520 459 687 515 aeonion
706 460 877 517 ALBERTI
895 461 946 518 DD
964 463 1137 520 BEZANIS.

132 637 374 695 carcornfaciens
392 637 498 692 animos
515 637 704 692 Romanorum
722 639 761 692 sic
778 639 927 708 revocavit,
952 643 983 693 ut
1007 657 1078 710 pene
1102 657 1197 696 omnes
1214 641 1387 696 Romania
1427 707 1430 712 Ι

272 712 368 762 contra
386 709 570 778 inperatorem
589 725 670 763 cruce
688 710 877 779 signarentur3
903 709 995 779 quodb
1013 712 1162 780 inperator,
1188 712 1236 780 qui
1261 713 1390 768 credebat

271 797 300 832 se
319 781 493 848 intraturum,
513 779 634 849 audiens,
652 781 751 834 timens
769 781 890 850 longnec
909 783 943 836 ab
962 781 1060 836 Urbed
1076 783 1195 838 recessit.

234 918 238 928 ,
378 868 550 938 Idemque
579 867 729 938 Gregorius
755 869 858 922 tantiae
881 871 1104 924 tribulationibus
1131 888 1276 926 concussus
1300 871 1390 926 Rome

143 917 343 1018 ²²⁰}'2'2‘fm'anno
361 938 472 1009 XIHD,
499 940 541 994 ab
566 939 826 994 incarnatione
843 941 956 994 Domini
973 940 1141 999 Meum.
1159 948 1243 1012 post
1265 941 1387 998 festum?
1409 955 1423 996 ὁ

128 1010 441 1134 Μαη.ορρ.ἓῗιηριὶοηὶε
470 1010 631 1080 virginis
661 1011 825 1080 gloriose
856 1013 969 1066 mensis
999 1013 1163 1084 [Augustis]
1197 1014 1324 1084 migravit
1355 1014 1390 1068 ad

312 1082 417 1138 ristum.

235 1219 239 1228 ,
377 1168 572 1223 Sciendum
592 1173 660 1236 est,
686 1169 780 1237 quod
799 1174 952 1226 vacante
970 1175 1057 1225 tunc
1077 1172 1223 1227 ecclesia
1240 1172 1389 1227 Romana

144 1218 261 1321 Roffizrpzum.
270 1240 420 1294 cardinales
439 1243 575 1294 steterunt
599 1240 628 1292 in
646 1241 769 1295 conclavi
787 1259 838 1310 per
855 1242 908 1296 XL
933 1242 991 1296 dies
1009 1242 1147 1297 discordes
1166 1245 1195 1297 in
1214 1245 1390 1313 appostolice

118 1325 259 1364 ταώνων.
271 1313 412 1378 electione,
431 1315 472 1364 set
488 1310 656 1364 concordare
673 1313 924 1380 nequeuntibus
940 1312 1060 1367 Romani
1078 1318 1160 1383 post
1178 1315 1230 1368 eis
1247 1315 1389 1368 inclussis
1409 1328 1436 1367 ro

154 1377 230 1418 ⁶·131·
270 1383 482 1451 multiplices
500 1381 640 1435 molestias
657 1381 888 1453 inferebant,
906 1389 1060 1454 propter
1078 1385 1173 1454 quod
1191 1385 1283 1438 dicti
1302 1385 1389 1439 cardi·

270 1454 346 1506 nelos
363 1453 458 1522 regine
477 1453 528 1506 celi
546 1456 688 1521 voverimt,
707 1453 788 1522 quod,
808 1455 830 1507 si
849 1454 906 1508 eius
925 1456 1031 1510 meritis
1047 1456 1245 1510 concordarent
1264 1461 1292 1510 et
1310 1456 1390 1510 liberi

271 1524 347 1577 abire
372 1527 497 1592 possent,
526 1527 658 1577 octavam
683 1541 730 1578 sue
755 1525 906 1579 nativitatis
931 1526 979 1579 din
1003 1528 1165 1596 neglectam
1190 1527 1390 1581 celebrandam

143 1590 306 1682 &lugdu-de
325 1599 416 1648 cetero
435 1593 618 1663 statuerenth,
647 1594 684 1648 sic
710 1595 804 1663 quod
822 1597 850 1649 in
868 1595 924 1650 fine
942 1597 1042 1651 mensis
1060 1597 1173 1654 Octubr.
1193 1598 1291 1652 eodem
1309 1598 1389 1651 mil·

189 1670 224 1693 ’⁸
271 1666 402 1719 lesimo
433 1666 576 1735 elegerunt
612 1664 837 1720 cardinalem
869 1667 1068 1721 dominumi
1100 1668 1253 1722 Zulredum
1283 1668 1436 1722 Medio-15

123 1735 443 1861 raaaerarlaffensenzk,
463 1737 652 1847 canzelprilum,
670 1740 800 1806 postea
818 1737 986 1792 Gelestinum
1004 1743 1244 1811 vocaverunt,
1264 1741 1389 1809 sicque

282 1807 392 1860 ieria
424 1808 548 1862 ierunt
574 1838 607 1864 ·.

171 1925 259 1973 *rna
378 1901 527 1966 *Annoffl
550 1902 593 1966 ab
617 1903 856 1968 incarnatione
886 1903 1028 1968 Domini
1057 1904 1311 1982 MOOLXHD,
1341 1905 1389 1968 in-

128 2013 259 2062 Maraopp.
271 1991 422 2055 dictione
441 1987 519 2066 Vla,
541 2002 669 2058 Urbanus
680 2002 787 2071 Imus,
805 2004 917 2057 natione
937 2003 1058 2058 Gallicus
1077 2021 1112 2058 ex
1130 2005 1240 2059 civitate
1252 2005 1389 2074 Trecensi,

271 2091 313 2126 ex
352 2078 458 2142 patre
496 2116 608 2130 .....
613 2085 642 2142 1¹,
679 2073 857 2129 successit
893 2073 1106 2129 Alexandro
1148 2094 1238 2145 pepe
1274 2075 1436 2134 muoso

270 2151 404 2233 inperio
426 2154 582 2226 vacante,
606 2161 667 2229 qui
691 2161 762 2216 sedit
787 2161 864 2216 annis
888 2163 984 2231 tribus,
1010 2181 1046 2220 m.
1067 2163 1091 2234 I,
1111 2163 1259 2232 d.1111⁰r‚
1288 2169 1315 2218 et
1333 2181 1389 2218 oes-

167 2229 260 2338 1361}
271 2250 340 2304 savit
357 2250 496 2304 mensibus
512 2250 548 2306 V.
647 2237 715 2302 Hic
739 2259 830 2303 anno
855 2239 928 2303 eius
951 2231 1061 2324 primo
1085 2241 1170 2304 Idus
1194 2241 1280 2315 Iam,
1307 2241 1388 2305 dum

211 2326 216 2338 '
255 2329 361 2390 'esset
384 2325 564 2404 Viterbii3,
601 2325 756 2390 instituit
786 2327 940 2392 officium
971 2329 1122 2413 corporis
1153 2332 1188 2393 et
1212 2330 1389 2414 sanguinis

272 2415 402 2479 domini
431 2415 542 2478 nostri
564 2415 684 2478 Ybesu
709 2414 840 2480 Ohristi
863 2415 1121 2482 cellebrandum
1149 2419 1272 2501 quinta
1301 2419 1389 2482 feria

129 2525 260 2575 narsem.
295 2506 349 2566 ost
369 2506 526 2568 octavam
545 2505 780 2598 pentecosten.
874 2515 930 2570 Hic
949 2518 1056 2572 etiam
1075 2527 1165 2570 anno
1185 2507 1259 2571 eius
1278 2507 1388 2590 primo
1407 2521 1435 2564 2⁵

271 2526 338 2638 duas
357 2586 423 2640 fecit
441 2586 642 2655 ordinationes3
668 2587 819 2641 exercitum
837 2587 1060 2656 sarracenorum,
1080 2606 1161 2657 quem
1180 2588 1342 2644 Manlredus
1360 2591 1389 2642 in

289 2656 464 2710 atrimonium
492 2657 606 2712 ecclesie
633 2657 760 2726 miserat,
789 2675 841 2728 per
871 2675 952 2714 cruce
981 2661 1101 2729 signatos
1128 2659 1240 2730 fugavit.
1287 2659 1388 2714 Domiti

269 2675 411 2782 i'rovintie
428 2727 544 2798 Karolo,
564 2727 644 2782 tratri
662 2729 734 2799 regis
747 2729 871 2798 Francie,
891 2747 1007 2800 regnum
1020 2729 1137 2802 Scicilie,
1155 2735 1187 2784 ut
1205 2748 1222 2785 a
1239 2731 1387 2786 Menfredo

269 2798 412 2853 detentore
431 2800 492 2854 eius
510 2803 695 2868 recuperaret,
714 2801 839 2856 contulit.

375 2887 459 2942 Anno
474 2887 586 2942 Domini
602 2885 849 2946 ΜΟΟΟΒΧΠΠΟΓ.
885 2887 1011 2944 Cometes
1029 2890 1142 2944 stella
1160 2892 1217 2943 tam
1235 2889 1388 2944 mirabilis
1407 2902 1433 2943 ao

269 2959 403 3027 apparuit,
429 2959 539 3026 qualem
556 2959 648 3011 nullus
666 2962 733 3011 tunc
751 2959 845 3012 vivens
863 2962 927 3014 ante
944 2960 1086 3016 viderat.
1123 2960 1165 3014 In
1190 2960 1295 3016 oriente
1314 2961 1388 3016 enim

268 3045 332 3082 cum
350 3046 451 3098 magno
470 3029 578 3098 fulgore
595 3045 709 3097 surgens
733 3046 817 3097 usqua
842 3029 877 3084 ad
902 3031 1025 3084 medium
1051 3031 1187 3100 emisperii
1204 3049 1298 3086 versus
1316 3032 1387 3086 occi·

267 3099 380 3152 dentem
405 3116 512 3153 comam
536 3098 726 3168 prelucidam
751 3100 893 3168 trahebat,
921 3106 949 3155 et
975 3101 1040 3156 licet
1066 3103 1096 3156 in
1124 3102 1236 3156 diversis
1262 3101 1387 3172 partibus

267 3169 363 3223 mondi
381 3169 452 3224 forte
470 3170 557 3223 multu
575 3168 779 3239 significaverit,
797 3170 850 3224 hoc
867 3175 961 3226 tamen
973 3191 1059 3227 unum
1070 3191 1122 3242 pro
1136 3177 1211 3228 certo
1224 3177 1387 3242 conpertum

268 3245 317 3308 est,
336 3243 375 3307 ut,
394 3257 457 3294 cum
474 3241 535 3309 plus
554 3257 637 3309 quam
649 3244 705 3294 tres
716 3258 823 3296 menses
836 3241 983 3312 duraverit,
1002 3243 1061 3313 ipso
1081 3261 1219 3314 quoque
1237 3249 1386 3313 apparente
1406 3257 1432 3302 ab

267 3327 340 3380 papa
357 3310 485 3365 Urbanus
504 3311 577 3380 cepit
594 3310 729 3365 infirmari
747 3316 776 3366 et
794 3312 891 3367 eadem
909 3318 999 3383 nocte,
1025 3332 1078 3384 qua
1098 3332 1171 3384 papa
1189 3315 1332 3385 expiravit,
1359 3319 1387 3370 et

268 3385 383 3436 cometa
401 3381 541 3451 disparuit.
578 3381 685 3436 Peruaii
702 3383 821 3438 moritur
839 3387 867 3438 et
885 3384 1021 3439 ibidem
1040 3386 1215 3454 sepellitur0.

375 3577 396 3629 a)
410 3588 515 3616 romanos
529 3588 586 3618 corr.
601 3579 737 3628 romanoi(!)
752 3591 770 3620 e.
826 3581 848 3629 b)
864 3590 878 3629 u
893 3579 948 3632 (qui)
961 3591 980 3620 e.
1036 3581 1057 3633 o)
1071 3581 1102 3620 ate
1115 3591 1133 3621 s.
1189 3580 1212 3631 d)
1232 3593 1274 3632 seq.
1290 3581 1386 3622 decessit

267 3631 365 3672 demum.
420 3631 442 3682 s>
463 3636 539 3670 tantus
552 3642 570 3670 c.
625 3631 705 3683 osso.
724 3638 776 3682 post
793 3633 817 3672 in
836 3633 917 3673 testum
935 3634 1034 3675 dadum.
1076 3634 1098 3685 g)
1119 3634 1177 3684 nug.
1197 3646 1239 3676 om.
1258 3647 1276 3674 o.
1318 3636 1341 3687 h)
1363 3636 1386 3676 ἐκ

267 3694 337 3732 moro.
348 3694 414 3723 mona
423 3684 520 3724 Albani:
529 3689 583 3723 nota
593 3681 622 3724 de
631 3689 712 3724 octava
721 3685 773 3725 lasti
782 3687 829 3725 nat.
841 3687 930 3726 domine
940 3692 1023 3730 nostre.
1065 3688 1081 3738 l)
1097 3685 1136 3730 .d.
1146 3700 1163 3727 c.
1206 3689 1231 3738 k)
1244 3687 1384 3729 mediolanio.
1403 3691 1432 3730 to

267 3737 283 3784 l)
300 3741 352 3784 post
365 3737 444 3784 folium
458 3737 504 3787 118,
519 3741 572 3786 post
585 3738 642 3786 qaod
655 3749 722 3778 nomas
741 3739 859 3786 fasciculus
872 3740 977 3787 sotionem
991 3741 1074 3791 incipit,
1095 3743 1216 3790 compluria
1235 3743 1293 3790 solta
1311 3744 1385 3781 esdra

267 3790 366 3828 videatur
379 3800 430 3829 osae.
492 3791 523 3842 ru)
542 3791 614 3830 littora
628 3791 721 3831 initialis
735 3793 755 3830 A
769 3793 836 3832 minio
850 3793 964 3832 inurenda
977 3795 1041 3836 deest.
1105 3795 1128 3843 n)
1147 3797 1241 3844 epatium
1255 3796 1338 3835 nomba·
1352 3797 1385 3834 ta·

266 3843 354 3882 serendo
368 3847 437 3883 vocat.
492 3844 514 3896 o)
528 3845 600 3883 maior
609 3855 666 3894 pars
675 3847 771 3894 popinas
785 3847 832 3889 114.
847 3850 915 3886 rectae
928 3851 948 3886 st
957 3857 982 3896 p.
994 3847 1041 3888 114.
1056 3857 1118 3887 versa
1131 3853 1215 3889 vocam.

374 3999 400 4070 1)
431 4000 528 4054 Omisaa'
551 4009 614 4056 aurit
634 4004 773 4070 pontifices
799 4005 957 4058 Codeatissue
981 4007 1031 4074 IV,
1058 4007 1229 4060 Innocentiam
1247 4007 1298 4074 IV,
1323 4006 1385 4059 Alo-

264 4073 374 4125 oeonder’
391 4072 445 4140 IV,
474 4088 590 4141 quoram
615 4075 730 4128 historio
754 4077 785 4126 ia
809 4076 885 4139 foliis
909 4079 1005 4130 exciam
1031 4079 1134 4144 serapia
1161 4080 1246 4144 saissa
1271 4079 1383 4134 uidetur.
1402 4093 1431 4133 se

199 4165 201 4170 ·
264 4145 292 4210 2)
312 4143 453 4196 Martinus
466 4162 495 4213 p.
509 4147 570 4200 440.
596 4145 735 4198 Urbanum
754 4147 791 4198 aa
809 4148 926 4202 a.1261.
945 4155 1011 4200 reete
1030 4149 1180 4216 adamabat.
1254 4149 1283 4216 3)
1301 4149 1384 4202 Bulla

264 4215 295 4266 de
320 4215 371 4267 too
395 4231 426 4267 re
449 4217 515 4268 data
539 4215 615 4268 nullo
640 4231 721 4284 anno,
746 4217 820 4269 nullo
845 4219 888 4270 die
911 4219 1046 4271 adnotatis
1064 4222 1169 4272 tradita
1188 4225 1234 4284 est,
1260 4219 1384 4273 Poetae

264 4303 307 4340 nr.
322 4287 417 4354 18998,
435 4288 523 4339 ultera
534 4288 667 4339 decadem
679 4303 717 4353 ra,
732 4287 855 4340 Potthoat
866 4304 910 4344 ar.
924 4291 1020 4356 18999,
1041 4307 1067 4346 o.
1082 4293 1159 4346 1264.
1175 4293 1244 4356 naa.
1259 4293 1301 4346 11.
1317 4291 1384 4344 dara

263 4363 309 4423 est,
329 4358 399 4410 unda
417 4363 441 4410 et
458 4358 508 4410 illa
525 4358 574 4410 boo
592 4359 634 4410 die
652 4358 717 4409 dato
735 4374 789 4411 osae
806 4360 970 4426 credebatur,
988 4362 1034 4413 aad
1052 4361 1113 4414 bone
1131 4363 1268 4416 notandas
1285 4366 1324 4414 est
1341 4362 1392 4414 ln'o

264 4428 343 4494 locus,
362 4445 420 4480 cum
443 4427 569 4480 Urbanos
581 4429 601 4480 Ι
603 4429 632 4484 V.
652 4444 677 4482 a.
692 4430 769 4484 1262.
789 4429 850 4484 Ion.
865 4431 906 4486 13.
926 4431 1040 4484 Viterbia'
1055 4435 1147 4498 faerit.
1403 4447 1430 4490 oo
