3232 5028
245 463 317 520 XIV
693 463 923 522 PRAEFATIO.

245 645 292 710 Et
312 645 361 712 ita
383 647 484 712 multa
506 649 546 713 ab
569 653 700 729 atroque
723 646 844 712 audita
866 649 912 712 ad
933 670 964 712 a.
984 653 1079 713 1330.
1098 668 1205 729 usqae,
1230 668 1291 731 aaa
1315 650 1368 714 Ia-

246 734 314 799 cobi
341 734 526 802 Obroaicorc
548 735 674 818 desinit,
706 735 897 801 conoeaiaat
925 757 980 802 seu
1002 736 1126 802 similia
1147 743 1232 802 aaut.
1282 738 1369 804 Sane

247 823 383 890 Iacobus
405 823 530 890 Alberti
552 845 630 906 opas
651 824 855 908 exscripsisse
879 831 1000 906 potest,
1029 827 1113 906 qaod
1140 825 1171 890 si
1198 825 1367 909 habuisset,

246 910 342 977 etiam
363 919 438 978 aute
460 935 491 977 a.
511 919 608 979 1298.
635 913 736 978 malta
766 935 805 978 ea
833 915 938 978 eodem
960 913 1187 996 assumpsisset,
1218 917 1274 981 sed
1295 921 1369 980 arcte

245 1001 329 1066 leam
351 1022 473 1067 ammam
495 1003 620 1067 callam
645 1001 751 1083 reperi
773 1003 882 1083 locum,
905 1022 996 1083 amaa
1018 1023 1057 1066 ecc
1084 1001 1223 1069 Oroaica
1245 1003 1401 1070 Albertis

245 1088 435 1172 descriptam
464 1112 529 1156 esse
557 1097 639 1155 certo
669 1111 793 1156 censere
815 1111 950 1172 possem.
997 1090 1093 1156 Fieri
1121 1091 1248 1173 quidem
1273 1091 1368 1158 etiam

238 1177 352 1260 potuit,
381 1184 418 1244 at
445 1179 583 1245 Iacobus
611 1185 735 1244 tautam
758 1185 953 1260 postremam
973 1185 1101 1261 partem
1134 1179 1290 1246 monicae
1312 1180 1367 1244 Al·

245 1266 325 1333 berti
347 1265 509 1332 habuisset
529 1268 577 1332 oel
600 1268 682 1332 locos
704 1287 744 1332 ec
768 1267 829 1332 bac
851 1274 1030 1350 excerptos,
1059 1270 1144 1350 qaod
1167 1268 1294 1350 quidem
1316 1291 1367 1334 ae·

243 1375 322 1437 pare
351 1375 416 1420 more
439 1377 571 1437 possam
600 1377 657 1421 aec
686 1362 792 1421 tamea
812 1355 979 1438 probabile
1001 1377 1067 1421 esse
1089 1357 1240 1440 arbitror,
1257 1356 1367 1440 potius

245 1446 377 1509 madem
406 1443 544 1509 libellmn
575 1443 781 1509 Bricieasem
810 1445 851 1509 ab
880 1451 1011 1526 amoqae
1040 1452 1167 1512 aactore
1195 1446 1366 1528 expilatam
1386 1471 1411 1509 ιο

246 1553 311 1598 esse
333 1531 463 1598 comicia.
515 1532 577 1615 Qui
607 1532 729 1598 libellus
758 1553 836 1598 saue
859 1534 899 1598 ab
922 1533 1052 1599 Alberto
1074 1535 1171 1599 multo
1193 1534 1306 1600 melias
1328 1557 1367 1600 ac

245 1620 374 1701 fidelius
397 1621 572 1704 suscriptas
594 1627 640 1686 est
653 1642 749 1703 aram
764 1623 804 1686 ab
821 1622 946 1703 Iacobo,
970 1622 1027 1704 qai
1041 1622 1109 1688 iam
1124 1643 1210 1688 more
1224 1623 1367 1688 uirorum

246 1709 394 1792 temporis
416 1716 603 1775 remotarum
626 1709 813 1791 litterarum,
838 1713 922 1792 qaod
935 1710 1054 1793 dicuat,
1078 1732 1130 1776 res
1149 1717 1254 1793 pectas
1268 1711 1366 1793 scrip

245 1798 331 1878 serit,
355 1819 436 1880 qaae
458 1799 578 1880 leperat
598 1797 825 1864 coramiscuerit
839 1805 931 1881 atque
946 1799 1134 1883 elepaatiori
1148 1799 1219 1864 stilo
1235 1820 1366 1865 somma·

245 1893 320 1952 taus
342 1887 527 1970 corruperit.
579 1886 704 1967 Omaia,
728 1907 809 1969 qaae
830 1887 883 1952 bic
903 1889 988 1953 solas
1010 1888 1119 1969 tradit,
1143 1887 1411 1969 aimisdubia,1c

246 1977 330 2041 made
350 1977 554 2058 assideamus,
579 1977 663 2058 qaod
683 1997 784 2041 amam
806 1976 916 2041 saltem
935 1976 1054 2056 fartam
1069 1977 1138 2042 eius
1152 1977 1240 2042 macti
1255 1976 1364 2058 simas,

245 2064 311 2129 sice
339 2064 370 2128 is
398 2064 500 2144 faerit
522 2063 647 2130 Alberti
679 2062 818 2130 &caica
847 2065 912 2130 sice
942 2064 1022 2130 liber
1050 2067 1090 2131 ab
1118 2065 1175 2130 boc
1197 2065 1362 2147 expilatus.

250 2152 336 2235 Quid
356 2173 395 2216 ea
417 2155 522 2217 eodem
536 2153 576 2217 ab
592 2153 722 2218 Alberto
744 2174 810 2218 aaa
824 2155 959 2218 relatam
978 2153 1114 2218 Iacobus
1128 2153 1211 2233 forte
1226 2175 1365 2236 asscaap-

245 2240 332 2321 serit,
363 2262 453 2305 acmo
483 2240 663 2306 diiudicare
684 2242 802 2323 poterit
829 2262 938 2324 meque,
968 2243 1013 2306 ad
1040 2262 1131 2324 quem
1160 2264 1284 2308 armam
1312 2243 1365 2308 ille

246 2329 326 2395 liber
348 2329 497 2395 deductas
519 2329 628 2410 faerit,
646 2330 836 2413 perspicere.
1384 2358 1410 2396 ao

354 2418 440 2483 Same
462 2417 716 2499 simplicissimas
738 2419 790 2484 cir
804 2419 955 2484 Albertas
973 2419 1070 2484 abbas
1084 2419 1158 2501 fait,
1182 2419 1237 2502 qai
1252 2419 1366 2486 litteris

241 2527 363 2588 param
385 2509 557 2588 studuerat,
582 2528 651 2572 cum
674 2507 817 2591 liapaam
835 2508 991 2573 Latinam
1013 2507 1112 2573 mimis
1127 2530 1237 2590 aspere
1253 2515 1366 2576 tracto-

246 2594 335 2676 verit,
366 2597 462 2660 cerba
484 2595 608 2677 quidem
631 2595 756 2662 Latiaa
782 2596 975 2662 intermistis
997 2596 1105 2662 maltis
1127 2597 1254 2662 Italicis
1275 2599 1366 2661 modo

241 2683 364 2766 puerili
393 2683 572 2766 scripserit,
603 2686 659 2749 sed
687 2706 723 2750 re
751 2706 829 2750 cera
857 2707 999 2751 sermome
1029 2686 1146 2751 Italico
1171 2685 1309 2750 usitato1
1338 2692 1368 2749 et

356 2875 382 2944 1)
410 2875 613 2944 Orthourapbia
637 2881 717 2929 ctiam
742 2879 798 2929 eius
822 2884 860 2930 cst
883 2879 1008 2943 culparis
1028 2878 1135 2944 Italica,
1160 2879 1228 2928 satis
1246 2877 1367 2928 maimo
1385 2889 1411 2929 ac

248 2953 321 3014 nota,
348 2948 418 2998 duas
442 2963 533 3016 nempe
557 2948 659 3000 litteras
684 2953 855 3000 musonantcs
875 2962 931 3013 pro
957 2963 1013 2999 aaa
1039 2950 1147 3014 scripsit
1174 2954 1220 2998 at:
1248 2947 1366 3012 occulus,

248 3020 369 3087 paccata,
387 3018 527 3085 peccunia,
546 3034 682 3084 seccurus,
702 3017 875 3082 accerrimus,
893 3016 1002 3080 reddiit,
1015 3016 1154 3068 redditum
1168 3016 1212 3084 (=
1227 3015 1367 3085 reditum),

249 3087 407 3156 ediifioium,
427 3087 575 3156 edifficare,
594 3086 779 3156 beneffioium,
797 3085 930 3156 pacifficc,
952 3086 1074 3152 reffacta,
1094 3083 1260 3152 sufferendo,
1279 3085 1366 3151 allius,

247 3160 337 3228 fillius,
356 3157 432 3226 fillia,
451 3159 571 3227 millites,
583 3158 702 3224 nobillis,
720 3157 828 3224 fidellis,
840 3157 991 3224 mirabillis,
1003 3155 1185 3222 venerabillis,
1198 3154 1366 3222 probabillis,

248 3230 353 3299 civillis,
365 3230 520 3299 subtillitas,
533 3229 683 3295 auxillium,
696 3228 887 3294 fellicissimus,
899 3228 1002 3294 tallem,
1011 3227 1110 3296 gallea,
1123 3225 1245 3293 mallum,
1258 3225 1367 3296 uallum,
1386 3244 1412 3284 eo

248 3302 386 3370 camellus,
411 3301 569 3368 cellebrare,
594 3300 768 3366 accellerans,
792 3299 914 3368 gellavit,
932 3298 1075 3364 rellaxare,
1096 3296 1210 3362 nollens,
1234 3297 1366 3366 sepellire,

248 3371 409 3440 tribullutio,
428 3371 593 3438 concillium,
611 3369 805 3439 privillegium,
822 3368 974 3438 pallatium,
987 3368 1087 3436 allecti,
1099 3367 1264 3437 commitiva,
1283 3385 1367 3438 eppo·

249 3442 320 3511 stoli,
346 3443 489 3510 seppelire,
515 3440 649 3510 apperire,
674 3457 830 3508 supparare,
850 3457 949 3507 marre,
972 3439 1115 3506 macrinus,
1138 3456 1254 3507 munus,
1273 3440 1367 3508 arcuit,

249 3514 387 3579 conburri,
414 3516 532 3580 pyrrata,
558 3509 707 3578 confussus,
733 3511 858 3578 occissus,
882 3511 1002 3578 inclussi,
1027 3509 1199 3578 divisserunt,
1219 3509 1367 3578 promissit,

249 3585 344 3652 niesus,
364 3599 438 3637 cessa
457 3585 500 3650 (ε
520 3581 616 3651 caesa),
634 3583 770 3650 pussillus,
789 3582 926 3650 diocessis,
937 3581 1086 3650 religiosae,
1098 3581 1232 3651 gloriossi,
1251 3585 1366 3649 attavus,
1386 3596 1411 3637 cc

248 3659 302 3709 cicc
318 3671 397 3709 uersa
415 3669 498 3705 amam
510 3655 629 3705 litteram
641 3659 826 3706 emanantem
842 3670 895 3722 pro
906 3654 1012 3706 duabm
1023 3659 1070 3705 at:
1087 3653 1240 3720 ecumbere,
1253 3652 1367 3720 efectus,

250 3724 376 3792 afabillis,
389 3723 497 3790 alussio,
517 3722 620 3792 agredi,
639 3723 767 3792 sugestio,
787 3726 923 3794 appelare,
939 3725 1013 3778 velet
1028 3727 1073 3791 (=
1086 3723 1190 3794 vellet),
1202 3723 1367 3790 coloquium,

249 3793 1367 3864 maleum,cancelarius,vexilum,difficilimumilustris,nevela,pululavit,flama,

250 3881 418 3932 consumare,
430 3865 554 3932 iminere,
564 3864 709 3933 inocentia,
718 3865 883 3935 inocentius,
893 3867 1099 3934 inumerabillis,
1109 3865 1236 3933 Iohanes,
1246 3864 1366 3932 opidum,

250 3954 320 4004 eror,
329 3936 406 4002 turis,
419 3951 523 4002 curere,
535 3937 694 4003 auriculum,
707 3953 877 4006 corumpere,
890 3939 1005 4006 eripere,
1018 3954 1142 4006 erogans,
1154 3939 1289 4003 obreptus,
1303 3933 1365 3988 offe·
1385 3952 1412 3990 40

250 4007 344 4074 rende,
356 4007 473 4074 natavit,
485 4007 621 4076 porigere,
634 4011 792 4076 teremotus,
804 4010 967 4076 teritorium,
980 4009 1094 4079 iriguus,
1111 4007 1237 4074 asentire,
1249 4022 1367 4074 asensus,

251 4094 365 4145 aserere,
379 4081 513 4146 asumpto,
527 4095 676 4146 asererans,
689 4078 794 4146 reoesit,
807 4080 957 4149 pasagium,
970 4080 1098 4148 possesio,
1113 4094 1252 4146 posumus,
1265 4075 1367 4145 suffusi,

250 4150 356 4217 mitere,
366 4148 661 4219 atingere,sagitarius;
679 4167 694 4202 c
702 4166 757 4218 pro
770 4150 804 4202 ch
815 4155 936 4218 scripsit:
948 4167 1086 4216 monacus,
1098 4149 1202 4218 pulcer,
1215 4164 1368 4212 coruscans,

250 4220 418 4287 incohatum,
443 4228 467 4272 et
485 4220 520 4274 ch
533 4236 589 4287 pro
607 4237 637 4274 c:
663 4221 841 4288 coruschans,
867 4221 967 4285 circha,
992 4219 1158 4285 merehatur,
1176 4218 1366 4283 mirachnlum,

249 4291 443 4358 mischuerant,
456 4291 554 4344 charus
564 4291 608 4362 (=
619 4291 731 4362 carrus),
741 4292 878 4358 chatedra,
889 4292 1061 4360 chatalogus3
1076 4295 1103 4343 ot
1111 4308 1166 4357 pro
1175 4307 1204 4342 o:
1217 4287 1366 4355 audactius,
1385 4303 1412 4344 4⁶

251 4361 388 4417 condictio
405 4364 438 4431 (ct
450 4362 608 4430 condictio),
619 4370 727 4414 econtra
739 4362 819 4416 editis
826 4379 881 4429 pro
893 4361 1004 4428 edictis;
1023 4379 1035 4414 s
1044 4377 1098 4429 pro
1110 4379 1151 4414 cc:
1170 4360 1307 4426 asenders,
1321 4356 1367 4410 de·

251 4429 1367 4503 sendere,nesimus,ceptrum,sintilla,sicma,sysmaticusetpissibus(=piscibus);
