3202 5030
455 469 624 526 ORONIOA
643 470 814 528 ALBDRTI
831 470 882 527 Du
900 470 1073 530 Butam.
1271 475 1325 532 115

308 651 460 732 Quintus
484 657 547 732 est,
571 655 664 738 quod
684 655 866 720 dominus·
890 675 981 740 papa
1003 675 1072 720 non
1093 655 1198 720 habet
1213 658 1322 738 potes·

198 746 310 808 tatem
338 742 578 822 universalem,
610 748 663 808 set
692 744 892 828 patriarcha
916 743 1323 828 constantinopolitanus

199 832 305 897 debet
329 831 361 896 ei
384 851 458 896 esse
482 852 545 917 par
574 835 610 897 et
633 835 841 916 potestatem
866 825 1100 898 consimilemb
1120 833 1158 896 in
1181 833 1320 899 honore.

307 921 432 986 Sextus
460 923 522 996 est,
554 921 646 1004 quod
670 921 788 986 nullus
811 921 975 999 salvatur,
1006 922 1073 986 nisi
1097 921 1317 1006 baptizetur⁰

156 1030 175 1071 s
198 1009 372 1094 baptismo
397 1007 596 1076 Grecorum.

307 1098 481 1182 Septimus
504 1102 566 1176 est,
591 1099 683 1182 quod
708 1103 963 1165 sacramentum
982 1099 1105 1164 altaris
1122 1120 1193 1164 non
1217 1099 1321 1166 debet

198 1187 274 1252 {ieri
296 1187 334 1250 in
357 1187 476 1266 animo,
501 1191 554 1253 set
577 1189 819 1253 tantummodo
842 1188 880 1252 in
903 1188 1123 1254 fermentato.

307 1274 459 1340 Octavus
483 1280 546 1355 est,
578 1277 671 1360 quod
694 1276 813 1340 nullus
835 1277 1065 1361 reditusque
1089 1278 1134 1342 ad
1158 1278 1248 1343 diem
1272 1278 1320 1340 iu·

198 1364 282 1428 dicii
305 1365 341 1428 in
372 1365 580 1449 paradisum,
611 1366 679 1430 nisi
710 1365 812 1431 beata
835 1366 932 1450 virgo
963 1369 999 1432 et
1029 1366 1145 1432 anima
1174 1365 1320 1430 latronis

149 1480 179 1520 ro
198 1453 354 1521 crucifixi
377 1475 455 1518 cum
479 1454 619 1519 domino
642 1459 771 1520 nostro.

305 1542 427 1608 Nonus
451 1546 513 1622 est,
537 1544 630 1627 quod
653 1543 772 1608 nullus
795 1543 892 1608 vadit
914 1544 952 1607 in
975 1543 1224 1628 purgatorium.

307 1631 470 1698 Decimus
494 1635 556 1710 est,
581 1633 673 1716 quod
691 1633 828 1698 faciunt
844 1632 1031 1698 divortium
1047 1635 1169 1696 contra
1184 1652 1320 1716 precep

197 1723 274 1784 tum
298 1721 545 1805 evangelicum.

306 1808 400 1889 Quos
423 1830 535 1875 erores
559 1810 679 1874 multis
702 1809 915 1894 temporibus
938 1813 1136 1885 tenuerunt,
1168 1813 1204 1874 et
1226 1819 1408 1875 nunc1369.

151 1923 179 1966 ιε
199 1899 385 1984 conponcti
414 1899 517 1964 corde
546 1899 751 1965 confitentes
781 1918 893 1964 erores
917 1918 996 1964 suos
1018 1899 1146 1963 reversi
1169 1901 1251 1962 sunt
1273 1899 1318 1962 ad

197 1988 366 2072 gremium
391 1990 427 2052 et
449 1989 495 2052 ad
517 1988 690 2053 unitatem
714 1990 832 2052 sancte
856 1987 976 2052 matris
1000 1987 1143 2052 ecclesie
1173 1990 1209 2051 et
1237 1987 1319 2052 fidei

197 2077 381 2155 catholice,
412 2077 486 2142 sine
516 2097 585 2160 qua
611 2096 713 2142 nemo
744 2079 859 2161 potest
882 2070 1050 2141 salvared.
1098 2075 1234 2141 Deinde
1257 2096 1318 2159 per

198 2166 398 2230 dominum⁸
421 2185 593 2230 summum
617 2165 817 2250 pontificem
844 2169 1046 2249 preceptum
1069 2168 1105 2230 et
1128 2163 1318 2230 inhibitum

197 2257 251 2320 est
274 2255 331 2318 in⁰
352 2253 511 2320 omnibus
535 2255 704 2338 portubus
735 2258 771 2320 et
800 2254 923 2320 insulis
946 2253 1116 2331 matrinis,
1147 2254 1239 2337 quod
1264 2253 1319 2319 de·

148 2369 178 2408 so
197 2347 313 2409 cetero
336 2343 454 2407 nullus
477 2344 605 2408 audeat
626 2345 776 2408 vendere
799 2347 861 2408 aut
876 2363 988 2410 emere
1005 2341 1133 2408 Grecos
1149 2336 1317 2426 aliquos‘,

198 2436 238 2497 ut
267 2433 363 2517 prius
393 2432 552 2498 omnibus
581 2432 717 2497 licitum
740 2433 867 2498 fuerat.
914 2432 1051 2498 Deinde
1081 2435 1160 2516 post
1190 2450 1318 2516 paucos

198 2541 332 2586 menses
370 2521 484 2586 dictus
519 2521 701 2586 dominusa
737 2522 915 2606 inperator
956 2542 1033 2586 cum
1076 2521 1317 2587 benedictione

198 2610 314 2694 papali
337 2631 428 2675 anno
453 2610 595 2675 Domini
618 2610 725 2674 LXX.
749 2611 895 2676 intravit
922 2630 1016 2674 mare
1039 2609 1258 2676 Adriaticum
1281 2613 1318 2676 et
1329 2627 1407 2682 1370,

196 2719 351 2764 reversus
381 2701 434 2764 est
464 2699 509 2763 ad
539 2701 655 2783 partes
685 2720 764 2764 suas
791 2699 827 2762 in
852 2719 936 2783 pace
968 2692 1045 2781 [(Ιε8
1071 2719 1187 2764 mense
1211 2693 1371 2780 Iulii].1u.

148 2811 177 2852 aa
305 2787 408 2853 ‘Item
441 2787 562 2854 eodem
589 2787 773 2854 millesimo
797 2788 978 2852 dominus*
1002 2786 1178 2852 Bernabos
1201 2805 1358 2869 supra-r.
1372 2815 1426 2854 me.

197 2876 311 2940 dictus
335 2877 490 2960 equitare
519 2876 605 2941 fecit
636 2897 714 2941 suas
745 2879 866 2961 gentes
888 2877 925 2940 in
949 2875 1098 2940 maxima
1120 2875 1317 2957 quantitate

196 2968 430 3050 pugnatorum
450 2986 655 3049 -quarum
672 2966 845 3050 capitanei
861 2967 960 3030 erant
976 2965 1116 3048 quidam
1134 2964 1314 3028 dominus*

197 3054 347 3120 Iohanes
370 3047 434 3119 de¹¹
453 3054 568 3119 Acuto
592 3055 770 3139 anglicus,
802 3054 952 3119 Iohanes
982 3055 1025 3118 de
1040 3053 1159 3118 ‘Baton
1182 3051 1318 3118 Alama-

196 3163 261 3207 nus
291 3178 333 3188 -
365 3163 469 3228 super
499 3144 693 3210 teritorium
716 3144 919 3208 Pisanorum
953 3142 998 3208 ad
1027 3141 1231 3207 instantiam
1262 3142 1318 3206 do·

147 3257 178 3298 ao
197 3232 303 3296 minia
329 3232 473 3296 Iohanis
503 3233 546 3298 de
576 3232 754 3316 Bagrada,
786 3232 933 3297 condam
965 3230 1058 3296 dicto
1086 3231 1238 3298 civitatis
1262 3231 1318 3297 do·

71 3396 74 3402 ¹
196 3321 281 3386 mini
305 3342 344 3385 ac
365 3321 471 3398 ducis,
497 3324 533 3386 et
556 3321 637 3404 quia
661 3321 746 3386 dicti
761 3320 880 3385 Pisani
895 3323 995 3384 erant
1012 3320 1050 3384 in
1068 3319 1141 3404 liga
1157 3320 1315 3386 domini*

193 3429 283 3494 pape
307 3413 342 3474 et
366 3410 563 3494 sequacium
595 3431 744 3487 suorum,
777 3409 999 3476 conburendo
1030 3413 1066 3474 et
1096 3409 1317 3494 depredando

194 3499 328 3574 omnia,
359 3520 426 3582 que
456 3499 590 3583 aripere
620 3501 792 3582 poterant.
839 3498 900 3564 Set
933 3501 1051 3566 tamen
1086 3519 1161 3564 eam
1196 3518 1317 3581 capere

195 3608 264 3652 non
303 3591 493 3672 potuerunt
531 3591 567 3652 et
604 3586 685 3652 inde
723 3591 952 3664 recesserunt,
991 3589 1073 3672 quia
1111 3607 1171 3671 pre
1209 3587 1318 3651 nimia

145 3702 176 3742 aa
196 3676 415 3742 charitudine
446 3669 685 3752 victualium¹,
717 3680 752 3741 et
782 3697 901 3742 versus
931 3677 1092 3742 Parmam
1127 3675 1316 3740 redierunt.

196 3764 331 3830 Deinde
355 3767 447 3830 dicte
471 3769 592 3850 gentes
616 3766 859 3849 equitaverunt
878 3785 982 3848 super
996 3763 1191 3829 teritorium
1209 3763 1318 3828 Bono·

194 3848 371 3919 niensem¹³
390 3854 590 3919 derobando
615 3859 651 3920 et
674 3855 887 3919 devastando
906 3853 1022 3918 omnia
1041 3853 1233 3918 extrinseca
1251 3873 1317 3937 que

195 3945 394 4025 potuerunt.
442 3943 534 4008 Allie
570 3964 650 4008 vero
685 3946 816 4027 gentes,
852 3962 918 4026 que
951 3945 1188 4007 remanserant
1223 3943 1317 4007 dicto

194 4033 356 4096 domino³
377 4032 579 4109 Bernabcvi,
610 4033 854 4116 equitaverunt
877 4024 997 4114 super¹
1020 4032 1215 4097 teritorium
1240 4031 1317 4096 civi-

144 4122 277 4186 rotatis
296 4121 407 4204 Regii,
428 4121 485 4185 cui
504 4125 641 4205 preerat
661 4121 841 4185 dominus³
862 4120 1036 4184 Feltrinus
1055 4123 1098 4187 de
1118 4120 1315 4204 Gonaagha

300 4311 322 4362 a)
338 4312 380 4352 .d.
396 4323 414 4353 c.
463 4313 486 4364 b)
499 4313 575 4362 cuppla
588 4313 682 4353 habore.
730 4311 751 4364 c)
765 4309 872 4363 batpetur
885 4312 976 4362 bstpmo
990 4323 1008 4352 c.
1055 4310 1078 4364 d)
1092 4313 1123 4352 sic
1137 4322 1156 4351 c.
1167 4321 1211 4358 pro
1226 4310 1317 4353 salvari.

192 4364 214 4415 e)
233 4369 256 4405 et
269 4363 286 4416 i,
300 4365 309 4399 ῑ
325 4363 365 4415 (ln)
379 4366 441 4406 dolce.
452 4377 496 4414 pro
511 4371 541 4418 ot,
556 4367 613 4416 quod
626 4367 739 4405 Mardum
753 4368 807 4408 orat.
861 4365 984 4416 osliquas
998 4376 1016 4405 c.
1076 4365 1098 4417 g)
1117 4362 1146 4404 da
1160 4374 1190 4402 m.
1205 4363 1258 4403 Iulii
1272 4363 1316 4404 also

189 4421 312 4458 atramento
323 4422 375 4466 post
388 4421 416 4458 ab
429 4419 479 4459 Alb.
494 4419 546 4460 odd.
601 4420 625 4471 h)
644 4429 687 4468 seq.
703 4419 792 4458 cada.
847 4417 863 4467 ί)
881 4419 988 4469 quaedam
1006 4417 1128 4467 emunda
1146 4427 1190 4457 aare
1208 4419 1242 4465 (ut
1257 4421 1317 4457 stare

189 4482 236 4512 non
250 4476 384 4522 potuerunt)
399 4474 497 4512 conicias.
553 4472 577 4524 k)
594 4474 627 4513 sic
641 4483 659 4513 c.
715 4471 731 4524 l)
746 4481 790 4522 seq.
804 4473 857 4512 terti
871 4472 932 4513 dola.

1065 4559 1103 4617 Βῆ
