3202 5030
441 485 609 540 ORONIGA
628 485 799 542 ALBERTI
817 487 867 542 Du
886 487 1059 546 BEZANIS.
1273 495 1307 549 97

186 669 365 734 civitatem
391 669 507 733 Brixie
535 669 675 734 domino
705 671 779 753 regi
802 671 928 734 Iohani
953 671 1102 750 Boemie,
1134 675 1193 756 qui
1222 677 1307 739 tunc
1319 689 1397 744 1330.

186 758 237 822 ibi
264 761 350 822 erat.
397 757 443 820 Et
474 761 555 822 ante
589 779 690 842 quam
726 759 818 823 idem
854 760 1035 824 dominus⁸
1064 782 1125 826 rex
1158 763 1308 829 venisset

187 847 351 924 Brixiam,
372 868 414 911 ex
430 851 529 930 parte
546 847 631 911 dicti
649 848 802 911 domiuia
825 848 969 913 Mastini
985 849 1149 914 restituta
1163 852 1308 915 fuerunt

187 936 305 1000 omnia
335 937 430 1000 dicta
460 939 574 999 castra
607 936 674 1020 ipsi
704 937 843 1000 domino
874 938 948 1021 regi
960 937 980 1000 1.
1029 933 1184 1020 [Posteab
1212 941 1308 1005 venit

150 1025 329 1108 squidem
364 1025 437 1090 eius
472 1025 620 1088 vicarius
658 1026 702 1089 ad
737 1029 863 1089 terram
900 1025 1022 1110 Gaydi.
1080 1026 1147 1091 cui
1179 1029 1307 1093 vicario

187 1115 304 1178 iurata
333 1114 404 1178 fuit
433 1113 583 1177 fidelitas
611 1134 672 1198 per
702 1114 901 1178 dominum³
932 1115 1092 1180 abbatem
1124 1117 1166 1181 de
1191 1117 1308 1182 Leno²

188 1206 224 1268 et
254 1203 405 1267 sindicos
436 1203 590 1266 omnium
620 1206 790 1268 terrarum
823 1204 963 1269 abbatie
990 1209 1026 1269 et
1049 1204 1236 1270 multarum
1261 1206 1305 1269 al·

187 1291 313 1356 liarum
336 1295 507 1356 terrarum
531 1291 694 1376 planicici
719 1287 856 1374 Brixiel.

296 1380 424 1445 Eodem
466 1384 584 1445 autem
628 1381 831 1445 millesimo⁰
863 1381 1024 1446 navicula
1061 1383 1174 1447 sancti
1212 1383 1308 1448 Petri

139 1497 169 1537 ιο
188 1470 363 1534 modicum
387 1470 604 1553 naufragata,
629 1469 665 1532 id
689 1472 742 1534 est
766 1473 886 1534 sancta
904 1473 1016 1535 mater
1034 1471 1189 1548 ecclesia,
1212 1473 1308 1537 resti·

187 1561 269 1622 tuta
292 1562 345 1622 est
368 1560 412 1622 ad
435 1559 596 1622 unionem
622 1559 717 1642 pacis
741 1561 777 1622 et
800 1559 966 1637 caritatis,
993 1560 1030 1623 id
1054 1564 1107 1625 est
1129 1556 1195 1624 ad‘l
1215 1582 1308 1626 sanc·

188 1647 360 1711 tissimum
391 1646 785 1711 dominum²10hanem
815 1668 938 1731 papam
970 1648 1093 1726 XXII,
1123 1671 1242 1714 verum
1273 1655 1309 1714 et

189 1758 313 1820 purum
356 1757 526 1800 summum
568 1736 768 1820 pontificem
809 1739 927 1801 sancte
962 1737 1115 1802 Romane
1154 1739 1306 1816 ecclesie,

189 1828 292 1909 capto
325 1831 361 1890 et
385 1826 527 1890 detento
553 1825 591 1888 in
615 1823 720 1888 Pissis
744 1825 858 1889 (ἰὶοὴοθ
881 1826 990 1890 fratre
1013 1826 1118 1890 Petro
1142 1828 1308 1911 antipapa

142 1941 170 1981 15
189 1917 225 1979 et
249 1916 420 1978 conducto
438 1914 600 1977 Avinioni
619 1914 663 1977 ad
683 1914 884 1977 dominuma
902 1935 1074 1978 summum
1097 1917 1306 1999 pontificem,
1317 1934 1402 1983 (Aua).

188 2006 370 2088 recepturo
385 2004 423 2066 iu
438 2003 638 2067 remissione
655 1996 815 2066 suorumf
835 2006 1055 2086 peccatorum
1078 2005 1307 2088 penitentiam

189 2092 386 2156 salutarem.
415 2091 461 2155 nt
476 2092 568 2156 inter
583 2091 683 2155 allias
699 2112 806 2175 penas
822 2092 916 2156 dicto
931 2092 1035 2156 fratri
1046 2092 1150 2157 Petro
1165 2093 1305 2157 illatasg

189 2173 300 2245 duaeh
319 2181 474 2253 fuerunt,
499 2201 644 2263 quarum
670 2201 739 2244 una
761 2181 840 2258 fuit,
866 2181 947 2264 quia
962 2181 1154 2265 predicavit
1169 2182 1307 2266 publice

189 2290 320 2334 erorem
344 2291 443 2333 sunm
468 2290 570 2352 quam
595 2269 734 2353 pluries,
766 2270 891 2334 deinde
921 2271 1091 2353 equitavit
1114 2291 1174 2354 per
1197 2275 1307 2335 totam

141 2386 170 2425 ao
189 2358 367 2423 civitatem
390 2359 554 2422 Arinioni
589 2358 770 2422 clamando
806 2362 841 2422 et
876 2359 1046 2442 portando
1079 2361 1117 2422 in
1149 2361 1308 2425 manibus

189 2448 356 2512 ambabus
381 2448 467 2512 duos
491 2447 740 2532 campanellos:
774 2447 822 2510 ‘Si
844 2448 921 2530 quis
943 2448 1020 2512 vult
1051 2451 1086 2513 et
1110 2443 1300 2514 desiderat¹

188 2537 398 2620 proditorem
433 2540 551 2601 sancte
586 2536 706 2600 matris
742 2537 894 2612 ecclesie,
931 2535 990 2600 *de
1025 2537 1184 2602 domibus
1214 2539 1403 2604 forasana

188 2618 359 2703 exeanrhss
377 2628 412 2690 et
428 2626 477 2690 sic
491 2626 578 2690 fecit
593 2646 695 2709 quam
712 2625 842 2710 pluries
857 2625 894 2687 in
907 2624 1027 2689 diebus
1040 2625 1275 2710 solempnibus
1285 2628 1307 2688 ³.

189 2715 360 2780 Fiualiter
388 2715 424 2777 in
456 2714 587 2798 palatio
618 2715 770 2778 dominia
797 2733 884 2798 pape
915 2713 1047 2796 positus
1076 2714 1147 2777 fuit
1178 2715 1215 2777 in
1240 2736 1308 2779 ear·

141 2804 335 2881 acoribus,
359 2804 421 2868 ubi
445 2825 541 2867 suam
564 2804 671 2868 vitam
696 2803 819 2867 finivit.

297 2893 399 2956 Anno
424 2895 540 2956 autem
560 2891 834 2956 M⁰OOO⁰XXX⁰
857 2891 971 2955 dictus
994 2891 1178 2955 dominusa
1200 2891 1308 2955 Lodo·

188 2983 285 3046 vicus
309 2983 379 3045 dux
403 2981 556 3058 Baverie,
588 2981 647 3063 qui
671 2980 900 3064 appelabatur
921 2980 1098 3063 inperator
1120 2980 1306 3056 Romanus,

188 3091 345 3136 reversus
364 3071 472 3135 estin
488 3069 681 3144 Alamania,
702 3068 762 3132 ubi
781 3068 1023 3133 miserabiliter
1038 3069 1146 3132 vitam
1164 3069 1307 3133 finivitt.

297 3159 427 3224 Eodem
447 3162 564 3223 autem
581 3151 786 3222 millesimok
802 3158 875 3241 ipse
892 3157 1073 3222 dominus⁸
1092 3178 1153 3222 rex
1168 3158 1308 3224 Boemie

142 3275 171 3314 co
189 3249 286 3313 venit
302 3249 417 3314 Brixie
441 3253 477 3314 et
500 3248 625 3312 habuit
648 3247 838 3310 dominium
865 3247 957 3311 dicte
981 3247 1132 3312 civitatis
1154 3247 1192 3310 in
1215 3248 1309 3313 festi·

189 3338 357 3403 vitatibus
376 3330 588 3402 nativitatis¹
611 3335 752 3399 Domini
762 3334 783 3411 ⁵,
806 3339 841 3400 et
859 3335 908 3400 ibi
927 3336 1058 3400 vocatis
1077 3336 1121 3399 ad
1140 3338 1309 3419 gremium
1318 3354 1369 3397 Dee.
1377 3353 1410 3395 2⁵.

190 3448 291 3491 suum
314 3428 474 3492 omnibus
499 3424 708 3490 Guibellinis
732 3424 858 3488 Brixie.
905 3423 1102 3490 Inmediate
1126 3426 1169 3490 de
1192 3447 1308 3490 mense

191 3516 291 3582 Febr.
315 3520 351 3581 et
374 3517 492 3581 eodem
524 3513 726 3578 millesimo⁰
755 3513 880 3578 habuit
910 3515 953 3578 de
982 3514 1087 3599 plano
1119 3515 1307 3578 dominium
1318 3495 1398 3609 ff

298 3722 320 3774 a)
335 3724 405 3766 .d.c.
446 3722 469 3772 b)
483 3723 543 3762 uncis
556 3723 641 3761 inclusa
654 3723 678 3760 ln
691 3723 793 3762 inimare
807 3724 914 3772 (dmm)
928 3722 1091 3771 mcrp.abAlb.
1104 3722 1176 3770 suppl.
1216 3723 1237 3769 c)
1250 3720 1309 3765 M⁰c.

142 3775 172 3815 35
190 3778 213 3829 d)
227 3787 270 3828 seq.
284 3774 299 3816 d
313 3778 373 3819 aaa.
414 3776 435 3828 e)
450 3778 503 3817 dffus
518 3774 615 3828 (dictus),
630 3788 640 3816 s
655 3787 766 3819 eraaumc.
806 3777 880 3826 nseq.
893 3777 938 3814 tum
951 3776 990 3814 hoc
1003 3776 1049 3814 loco
1062 3775 1210 3824 penitentiam
1224 3776 1311 3819 deleto,

190 3833 275 3927 {plepem
290 3831 376 3936 uppusunt
386 3831 447 3926 opplet.
506 3831 529 3880 b)
550 3830 580 3868 cle
593 3841 611 3874 ο.
664 3829 681 3881 l)
701 3831 778 3879 cumo
791 3830 876 3872 videre.
933 3828 958 3879 k)
978 3827 1010 3867 M⁰
1023 3839 1053 3877 o.,·
1073 3838 1115 3878 seq.
1129 3825 1158 3867 de
1171 3838 1247 3868 mense
1261 3829 1310 3869 teb‘r

300 4042 326 4113 1)
346 4044 387 4108 Cf.
406 4043 478 4098 fflst.
498 4043 601 4097 Certus
621 4043 637 4097 l.
657 4043 674 4097 l.
747 4042 775 4112 2)
801 4041 972 4103 dicandum
989 4043 1023 4106 cf.
1042 4041 1093 4096 Fr.
1111 4043 1145 4098 A.
1164 4043 1310 4110 Zaccaria,

191 4114 268 4167 ‘Dal’
288 4115 477 4166 antichissima
495 4114 577 4165 badia
603 4115 634 4165 di
651 4113 734 4165 Lcno'
752 4113 882 4179 (Vanesia
901 4113 984 4174 1767)
998 4129 1027 4180 p.
1040 4115 1075 4168 41
1085 4130 1124 4181 aq.
1213 4115 1241 4181 3)
1266 4113 1311 4178 of.

141 4193 173 4232 40
192 4186 229 4242 K.
248 4185 356 4250 Mater,
384 4186 451 4236 ‘Der
468 4186 579 4252 Kampf
592 4184 722 4250 luodwipa
746 4184 772 4238 d.
792 4184 824 4238 Β.
854 4184 903 4234 mit
929 4183 979 4234 cler
1004 4185 1154 4236 rdmr'achea
1179 4184 1267 4237 Ouo-id
1286 4185 1311 4250 I,

187 4273 217 4324 p.
231 4259 331 4324 aaaeq.
403 4256 432 4325 4)
452 4256 565 4309 Danum
583 4273 609 4310 a.
624 4258 703 4310 1347.
721 4255 761 4306 De
778 4256 823 4318 iia,
848 4269 916 4322 quae
933 4254 1094 4307 Marciana
1111 4258 1141 4306 in
1162 4257 1311 4308 Geranaru'u

190 4331 309 4394 amerit,
327 4328 454 4380 Albmuc
471 4327 667 4379 nihilomnino
684 4332 844 4392 compertum
863 4325 987 4377 aulaea
1011 4327 1123 4380 videtur.
1214 4328 1241 4392 5)
1271 4327 1312 4380 De

191 4401 234 4452 dia
261 4402 296 4464 cf.
323 4399 355 4453 L.
375 4399 559 4466 Pappalmann
586 4399 616 4450 in
643 4397 754 4449 ‘Archiv
780 4397 803 4460 fi
825 4395 994 4450 Oesterreich.
1014 4396 1172 4450 Gmchichtc'
1199 4397 1314 4452 XXXV

194 4468 296 4538 (1865),
310 4486 341 4537 p·
354 4470 418 4536 264,
435 4486 462 4524 n.
477 4472 500 4524 1.

246 4575 342 4620 crona
355 4575 444 4615 arsere
458 4573 486 4616 de
499 4576 602 4620 nomn.
1063 4559 1079 4611 7
