3202 5030
450 461 618 517 ORONIGA
636 462 804 518 ALBERTI
823 462 874 516 DE
892 462 1064 520 BEZANIS.
1278 470 1312 522 81

195 651 232 713 et
256 647 359 711 certis
384 647 475 710 alliis
498 647 617 730 paucis
642 645 938 724 Cremonensibus,
970 648 1029 729 qni
1059 668 1174 712 secum
1204 655 1402 713 erant.131·2.

196 737 242 800 Et
282 736 441 800 dominus
480 734 671 800 Ooradinus
712 737 754 800 de
794 735 1056 800 Oonfanoneriis
1095 757 1173 801 cum
1212 739 1313 802 certis

196 824 433 889 Brixiensibus
458 845 573 888 secum
597 824 824 889 existentibus
856 828 891 889 et
923 845 1000 888 cum
1032 826 1134 890 certis
1165 827 1314 910 expulsis

196 915 239 978 de
265 913 396 991 Creme,
421 933 566 996 quornm
590 933 752 978 numerus
775 935 845 978 non
871 914 942 976 fuit
973 913 1066 978 ultra
1089 914 1187 977 LXX
1217 917 1314 978 armi-

158 1023 306 1087 sgoros,
338 1006 391 1066 set
414 1023 529 1066 secum
553 1005 629 1066 erat
652 1002 763 1066 multa
786 1003 962 1085 quantitas
985 1003 1157 1086 peditum;
1189 1037 1232 1047 —
1256 1007 1314 1086 qui

195 1093 393 1175 equitantes
423 1111 539 1155 versus
564 1090 766 1154 Cremonam
798 1093 912 1155 animo
942 1094 1080 1154 tantum
1111 1093 1315 1156 extrahendi

196 1185 319 1266 gentes
343 1180 421 1244 illas
445 1183 523 1264 post
546 1200 592 1257 se,
617 1201 683 1263 que
705 1183 790 1244 tuno
818 1185 917 1244 erant
941 1179 1118 1257 Cremone,
1150 1183 1313 1263 quasdam

195 1270 360 1334 mulieres
383 1269 600 1346 invenerunt,
624 1290 690 1351 que
713 1269 900 1334 veniebant
928 1290 948 1332 a
978 1270 1118 1333 civitate
1149 1271 1313 1353 predicta,

196 1379 263 1442 que
286 1359 370 1441 ipsis
393 1357 576 1421 millitibus
593 1357 771 1422 dixerunt:
790 1356 959 1422 ‘Gereatis
974 1358 1081 1434 vobis,
1099 1360 1179 1441 quie
1195 1363 1315 1442 gentes

152 1449 366 1512 1oOremone
387 1447 629 1529 equitaverunt
650 1467 767 1511 versus
783 1447 1183 1512 Puteum-Barontium’.
1219 1448 1315 1512 Tunc

201 1537 267 1619 ipsi
289 1536 471 1601 extrinseci
495 1535 664 1600 Oromone
688 1535 804 1600 subito
835 1539 973 1620 sumpto
1000 1536 1164 1601 conscilio
1188 1539 1315 1619 equita-

203 1628 322 1689 verunt
344 1628 438 1689 recte
464 1624 664 1689 Cremonam
696 1628 732 1690 et
755 1625 900 1690 eandem
923 1625 1051 1707 absque
1079 1625 1218 1708 repulsa
1240 1627 1316 1688 viri-

200 1714 279 1778 liter
297 1714 515 1778 intraverunt
526 1713 547 1775 1.
583 1713 629 1776 Et
649 1717 897 1778 cuncurentes²
916 1734 977 1796 per
996 1714 1171 1778 civitatem
1195 1715 1314 1797 ipsam,

198 1823 374 1886 quousque
399 1803 443 1866 ad
466 1802 618 1885 plateam
642 1795 816 1867 comunisb
836 1803 989 1877 fuerunt,
1014 1805 1049 1866 et
1065 1803 1114 1866 ibi
1130 1804 1315 1866 maximum

152 1911 179 1952 ιε
197 1891 344 1976 prelium
379 1892 465 1968 fuit;
502 1895 554 1955 set
588 1891 730 1956 tandem
766 1892 910 1955 victoria
939 1890 1059 1954 habita
1089 1892 1316 1974 optinuerunt

196 1981 387 2044 dominium
413 1981 505 2044 dicte
529 1980 680 2044 civitatis
705 1979 881 2057 Cremona,
906 1979 1048 2063 expulso
1072 1980 1230 2044 domino⁰
1253 1979 1316 2044 Ga·

195 2070 304 2134 leaaio
329 2070 399 2134 sive
427 2069 586 2134 domino⁰
615 2070 740 2144 Aeone,
770 2069 842 2133 eius
866 2069 962 2146 fillio,
988 2070 1030 2134 de
1047 2068 1315 2133 Viceoomitibus

195 2160 240 2223 de
256 2158 465 2234 Mediolano,
491 2159 638 2222 dominis
654 2161 690 2222 et
704 2158 905 2240 regentibus
927 2158 1038 2241 ipsam
1062 2158 1238 2222 civitatem
1254 2179 1316 2242 pro

195 2248 356 2311 domin0⁰
391 2248 587 2331 inperatore
626 2247 788 2312 Henrico.
835 2245 965 2311 Gentes
1004 2250 1120 2311 autem
1151 2245 1316 2311 Guibelli·

147 2359 175 2397 20
195 2357 330 2413 norum,
355 2357 422 2419 que
444 2357 562 2401 versus
581 2336 962 2400 Puteum-Barontium
986 2336 1234 2418 equitaverant‚
1260 2337 1316 2399 ba-

196 2426 272 2490 bito
302 2446 390 2489 novo
423 2426 466 2490 de
496 2426 678 2490 amissione
708 2426 859 2490 civitatis
890 2424 1056 2489 Oremone
1085 2445 1146 2508 per
1175 2426 1314 2489 modum

195 2518 369 2590 neretum,
394 2514 438 2577 ad
462 2518 574 2578 castra
597 2535 737 2578 suorum
761 2515 949 2579 amicorum
972 2534 1007 2578 se
1031 2515 1253 2578 reduxerunt.

305 2597 439 2684 [Anno‘¹
466 2603 608 2667 Domini
631 2604 841 2686 supradicto,
870 2604 925 2667 die
948 2603 1043 2666 XVI.
1068 2603 1188 2666 Martii
1212 2603 1435 2666 domi-umus.

148 2757 154 2768 k
195 2696 282 2756 nus⁰
312 2691 503 2758 Gulielmus
527 2693 569 2756 de
595 2690 852 2756 Oavalcabobus
876 2695 973 2756 cum⁰
1002 2692 1160 2755 domino⁰
1189 2691 1316 2755 Ventu-

148 2803 176 2842 m
196 2782 275 2844 rino
306 2785 341 2845 et
372 2781 505 2844 duobus
536 2781 606 2844 suis
638 2781 732 2844 filliis
763 2781 806 2845 de
830 2780 1010 2844 Fonduliis
1041 2780 1084 2844 de
1108 2780 1256 2844 Soncino
1281 2784 1316 2844 et

198 2891 278 2934 cum
301 2870 403 2934 certis
427 2870 519 2933 alliis
542 2869 712 2934 militibus
736 2869 902 2934 Cremona
925 2869 1142 2934 intraverunt
1165 2873 1316 2932 castrum

198 2959 349 3035 Soncini,
381 2962 416 3023 et
438 2959 534 3022 facto
557 2959 713 3035 introitu,
742 2961 799 3023 eta
826 2980 868 3023 ex
891 2959 1039 3041 quodam
1061 2961 1216 3022 tractatu
1238 2951 1313 3020 illif

199 3048 243 3112 de
267 3047 447 3112 Barbobus
469 3048 629 3112 fecerunt
653 3048 824 3113 asentire²
847 3048 1006 3112 domino⁰
1026 3047 1232 3132 inperatori;
1257 3048 1317 3130 qui

199 3137 379 3200 dominus⁰
407 3137 584 3220 inperator
601 3137 733 3202 dictum
749 3141 899 3201 castrum
917 3137 1059 3200 donavit
1076 3137 1193 3201 comiti
1211 3134 1316 3201 Guar-

149 3249 179 3288 ao
199 3226 328 3303 nerio³‚
352 3229 393 3288 ut
415 3226 529 3309 ipsum
552 3226 716 3291 liberaret
731 3247 752 3290 a
767 3226 926 3290 manibus
943 3224 1179 3290 Guelforume
1215 3225 1316 3290 Unde

200 3315 315 3378 dictus
350 3335 462 3378 comes
496 3315 638 3379 veniens
673 3335 751 3378 cum
789 3315 938 3378 maxima
977 3315 1138 3378 comitiva
1171 3315 1317 3378 intravit
1326 3337 1402 3384 (aaa.
1413 3334 1460 3384 rr).

200 3407 352 3468 castrum
376 3403 579 3486 predictum,
611 3407 647 3468 et
670 3404 821 3468 finaliter
844 3403 958 3468 dictus
982 3403 1160 3468 dominus⁰
1189 3402 1317 3468 Guliel-

201 3513 277 3556 mus
299 3493 369 3555 fuit
392 3492 442 3556 ibi
471 3493 686 3570 interfectus,
718 3496 754 3557 et
784 3492 870 3556 dicti
898 3492 1076 3556 dominus⁰
1104 3492 1317 3556 Venturinus

200 3603 279 3646 cum
304 3581 438 3645 duobus
462 3582 532 3645 suis
554 3581 699 3647 fuerunt
721 3581 845 3665 laqueo
869 3583 1024 3665 suspensi
1034 3577 1066 3662 ⁵].

152 3718 181 3759 35
308 3719 330 3770 a)
344 3721 376 3758 ete
390 3730 407 3756 e.
463 3719 485 3762 bl
500 3729 542 3768 seq.
557 3720 595 3758 ubi
609 3720 670 3758 delet.
726 3721 747 3766 c)
762 3719 804 3757 .d.
819 3731 837 3758 e.
889 3717 912 3770 d)
926 3721 986 3757 unde
999 3719 1082 3757 incluse
1096 3720 1119 3755 ίη
1132 3727 1202 3765 maru.
1217 3719 1317 3755 tatemere

202 3773 300 3821 (devere)
314 3773 341 3811 at
354 3772 404 3811 Ale.
419 3773 491 3821 suppl.
547 3773 567 3825 e)
581 3783 624 3822 seq.
640 3771 685 3824 aff)
700 3773 761 3812 delet.
816 3774 838 3824 l)
851 3775 883 3812 ete
896 3783 928 3820 e.;
942 3773 986 3820 leae
999 3772 1057 3810 illos.

311 3880 337 3946 1)
364 3879 410 3930 Ad
433 3879 617 3946 praecedentia
639 3881 673 3943 ef.
692 3879 748 3930 Iee.
768 3877 874 3933 Maleec.
892 3878 942 3944 IX,
955 3879 998 3942 24,
1017 3878 1064 3932 eol.
1078 3880 1138 3943 977,
1163 3883 1220 3928 tum
1239 3879 1317 3929 etiam

203 3949 260 4003 Iole.
286 3951 318 4001 cte
338 3950 488 4002 Cemenete
505 3967 526 4004 e.
539 3953 584 4016 43,
602 3951 620 4002 l.
640 3951 658 4005 l.
673 3967 702 4016 p.
717 3952 751 4004 99
763 3966 802 4016 eq.
810 3968 821 4012 ,·
848 3947 959 4015 Ftaym.
979 3949 1108 4014 cremon„
1136 3949 1185 4003 SS.
1203 3948 1316 4012 XVIII,

203 4037 229 4086 p.
242 4023 305 4087 808,
323 4021 372 4072 ubi
388 4021 451 4072 haee
469 4023 511 4073 eie
530 4024 571 4076 12.
586 4021 655 4087 Sept.
674 4023 749 4085 facte
767 4037 821 4072 esee
838 4023 909 4072 miro
926 4034 1017 4072 errore
1029 4019 1163 4074 ematur.
1217 4023 1247 4084 2)
1265 4023 1283 4074 ι’.
1296 4037 1316 4074 e.

156 4104 186 4142 40
203 4092 321 4144 retectae
338 4108 365 4157 a,
383 4092 476 4144 Italiae
492 4095 630 4145 assentare
646 4091 821 4159 (assentarsi).
852 4093 886 4144 A.
901 4093 977 4145 1311.
994 4089 1045 4145 Oct.
1059 4095 1085 4146 3.
1103 4094 1173 4143 enim
1185 4091 1318 4142 Heericue

204 4162 251 4214 boc
275 4167 394 4214 comeum
419 4163 560 4214 liberatum
585 4162 614 4215 in
639 4179 775 4215 eameram
798 4178 876 4214 suam
901 4165 928 4214 et
953 4160 1062 4230 imperii
1086 4165 1234 4228 receperat,
1259 4160 1316 4213 LL.

206 4233 292 4287 Cenat.
309 4233 359 4298 IV,
375 4237 399 4300 l,
413 4251 444 4300 p.
458 4235 509 4288 667
522 4251 570 4300 eq,
588 4251 632 4288 nr,
645 4236 705 4288 694.
782 4234 810 4300 3)
836 4233 876 4284 De
893 4232 1035 4299 Homberp,
1052 4236 1189 4299 capitaneo
1206 4229 1319 4282 Heariee'

205 4306 325 4369 repieta
342 4305 515 4359 Lomterde'e.
587 4306 615 4371 4)
634 4305 709 4368 Quod
726 4309 846 4355 castrum
862 4309 940 4356 anua
956 4320 973 4354 a
991 4305 1091 4368 Guelfie
1105 4318 1159 4354 noa
1174 4301 1317 4355 utebatur.

205 4374 233 4444 5)
260 4375 303 4438 Of.
323 4376 380 4430 Iole.
399 4377 431 4428 de
450 4376 601 4428 &ementis
624 4391 645 4429 c.
663 4377 778 4440 46-48,
798 4375 836 4428 ed.
855 4374 960 4427 Ferrea·
972 4392 1001 4441 p.
1017 4375 1181 4435 loe-1063
1209 4371 1268 4426 Iole.
1287 4373 1318 4424 de

160 4456 188 4496 45
206 4447 337 4498 Bezzeao
355 4449 372 4501 l.
393 4449 410 4502 l.
425 4450 530 4513 p.107,
549 4449 597 4512 qui
612 4447 681 4498 diem
695 4460 804 4512 peepaee
821 4447 916 4498 tradit.

259 4553 354 4593 Croniea
368 4553 456 4592 Alberti
469 4551 498 4592 de
512 4553 613 4594 Berenis.
1091 4551 1107 4603 6
